timestamp,order_id,client_id,quantity,price,symbol,side
1748000000,1,37,63,13.12,PETR4,B
1748000001,2,72,61,155.1,VALE3,B
1748000002,3,31,87,177.88,BBDC4,A
1748000003,4,34,56,114.86,VALE3,A
1748000004,5,26,0,-1.0,ABEV3,A
1748000005,6,99,81,140.42,ITUB4,A
1748000006,7,93,6,73.39,PETR4,B
1748000007,8,93,1,161.97,VALE3,B
1748000008,9,52,84,14.73,VALE3,A
1748000009,10,65,23,64.27,PETR4,A
1748000010,11,35,-5,0.0,VALE3,B
1748000011,12,81,6,82.56,ABEV3,B
1748000012,13,17,26,124.07,ABEV3,A
1748000013,14,57,17,86.36,VALE3,B
1748000014,15,1,53,32.32,ITUB4,B
1748000015,16,41,0,0.0,ABEV3,A
1748000016,17,9,54,191.64,VALE3,B
1748000017,18,32,78,180.87,BBDC4,B
1748000018,19,49,91,44.7,ITUB4,A
1748000019,20,7,25,72.07,BBDC4,A
1748000020,21,69,5,75.91,BBDC4,B
1748000021,22,71,0,0.0,ITUB4,A
1748000022,23,69,33,63.3,ABEV3,B
1748000023,24,56,44,153.8,BBDC4,B
1748000024,25,27,61,52.19,VALE3,A
1748000025,26,65,64,14.81,ITUB4,A
1748000026,27,94,36,105.84,ITUB4,B
1748000027,28,37,29,14.59,VALE3,A
1748000028,29,8,18,176.25,BBDC4,A
1748000029,30,38,11,198.05,VALE3,B
1748000030,31,94,21,148.05,ITUB4,B
1748000031,32,29,83,56.21,ITUB4,A
1748000032,33,69,2,145.99,VALE3,A
1748000033,34,91,97,71.66,ITUB4,B
1748000034,35,62,40,145.45,BBDC4,B
1748000035,36,15,98,66.63,PETR4,B
1748000036,37,22,85,108.83,PETR4,B
1748000037,38,16,37,94.82,ABEV3,A
1748000038,39,91,32,151.97,BBDC4,B
1748000039,40,39,70,166.08,BBDC4,A
1748000040,41,98,50,168.67,ITUB4,B
1748000041,42,1,38,151.84,PETR4,A
1748000042,43,88,46,176.47,BBDC4,B
1748000043,44,58,45,29.38,ABEV3,B
1748000044,45,99,66,146.97,ITUB4,A
1748000045,46,36,60,142.66,ITUB4,B
1748000046,47,68,20,108.21,ABEV3,A
1748000047,48,63,62,68.75,ABEV3,A
1748000048,49,58,59,52.18,ABEV3,A
1748000049,50,82,80,99.75,ITUB4,A
1748000050,51,64,31,40.88,PETR4,B
1748000051,52,17,49,44.11,ITUB4,A
1748000052,53,37,37,22.0,BBDC4,B
1748000053,54,20,21,126.04,BBDC4,B
1748000054,55,15,0,0.0,BBDC4,B
1748000055,56,70,0,-1.0,BBDC4,B
1748000056,57,47,20,157.48,ABEV3,B
1748000057,58,99,69,58.77,PETR4,B
1748000058,59,71,-5,-1.0,VALE3,A
1748000059,60,47,19,62.34,ABEV3,B
1748000060,61,49,92,86.88,ABEV3,A
1748000061,62,74,24,10.92,ABEV3,B
1748000062,63,58,1,42.85,VALE3,A
1748000063,64,85,66,20.91,BBDC4,A
1748000064,65,68,65,49.73,VALE3,B
1748000065,66,30,79,182.43,BBDC4,A
1748000066,67,36,44,89.17,BBDC4,A
1748000067,68,31,67,61.99,VALE3,A
1748000068,69,58,-5,0.0,ABEV3,B
1748000069,70,97,43,93.78,BBDC4,B
1748000070,71,11,86,147.1,ITUB4,B
1748000071,72,37,92,129.74,VALE3,B
1748000072,73,99,68,51.9,ITUB4,B
1748000073,74,48,80,53.16,ABEV3,A
1748000074,75,3,0,-1.0,PETR4,A
1748000075,76,27,78,171.46,PETR4,B
1748000076,77,91,3,97.93,PETR4,B
1748000077,78,71,49,184.2,BBDC4,A
1748000078,79,47,86,193.86,VALE3,B
1748000079,80,11,5,30.02,BBDC4,A
1748000080,81,78,55,150.55,PETR4,B
1748000081,82,61,38,196.9,PETR4,A
1748000082,83,12,90,135.07,PETR4,A
1748000083,84,86,59,117.85,BBDC4,A
1748000084,85,9,24,163.45,BBDC4,B
1748000085,86,24,6,148.43,PETR4,B
1748000086,87,86,39,99.43,PETR4,A
1748000087,88,26,68,134.56,ABEV3,B
1748000088,89,8,50,79.62,VALE3,B
1748000089,90,4,9,136.73,PETR4,A
1748000090,91,38,20,63.08,ABEV3,A
1748000091,92,43,68,163.32,VALE3,B
1748000092,93,53,59,28.38,VALE3,A
1748000093,94,14,47,63.81,PETR4,A
1748000094,95,81,52,148.89,BBDC4,B
1748000095,96,33,36,175.91,BBDC4,A
1748000096,97,23,96,192.81,VALE3,B
1748000097,98,19,50,66.6,VALE3,A
1748000098,99,55,38,24.47,ITUB4,A
1748000099,100,15,7,62.96,ITUB4,A
1748000100,101,53,90,62.79,ITUB4,B
1748000101,102,35,75,115.61,ABEV3,B
1748000102,103,16,51,41.67,ABEV3,A
1748000103,104,11,54,191.84,ABEV3,A
1748000104,105,59,31,75.53,BBDC4,B
1748000105,106,80,0,0.0,ITUB4,B
1748000106,107,11,70,48.91,ABEV3,A
1748000107,108,78,24,186.87,BBDC4,A
1748000108,109,7,91,174.2,ABEV3,A
1748000109,110,91,60,82.91,BBDC4,A
1748000110,111,62,34,141.54,ABEV3,A
1748000111,112,76,0,-1.0,ABEV3,B
1748000112,113,55,12,36.49,BBDC4,B
1748000113,114,93,88,189.7,PETR4,A
1748000114,115,66,43,139.14,ABEV3,A
1748000115,116,47,99,152.31,VALE3,A
1748000116,117,97,7,175.29,ITUB4,B
1748000117,118,27,12,43.81,VALE3,B
1748000118,119,54,28,44.52,ITUB4,A
1748000119,120,47,64,166.82,PETR4,A
1748000120,121,81,32,113.11,ITUB4,B
1748000121,122,28,96,190.31,PETR4,A
1748000122,123,56,32,170.35,ITUB4,A
1748000123,124,41,38,101.17,PETR4,B
1748000124,125,64,45,68.88,VALE3,A
1748000125,126,66,17,36.69,BBDC4,A
1748000126,127,32,94,121.37,ITUB4,B
1748000127,128,31,10,145.13,BBDC4,A
1748000128,129,4,0,-1.0,ABEV3,B
1748000129,130,42,0,-1.0,ITUB4,A
1748000130,131,74,48,114.76,ITUB4,B
1748000131,132,21,67,26.78,PETR4,B
1748000132,133,94,82,113.04,VALE3,A
1748000133,134,24,72,95.34,ABEV3,B
1748000134,135,88,88,82.08,PETR4,B
1748000135,136,90,53,75.93,VALE3,A
1748000136,137,33,85,199.99,BBDC4,B
1748000137,138,22,-5,0.0,ABEV3,A
1748000138,139,90,-5,-1.0,VALE3,B
1748000139,140,22,10,184.09,PETR4,A
1748000140,141,20,67,133.43,ABEV3,B
1748000141,142,71,70,101.93,BBDC4,B
1748000142,143,32,7,15.48,BBDC4,A
1748000143,144,7,84,66.38,ABEV3,A
1748000144,145,97,78,189.79,BBDC4,A
1748000145,146,47,59,72.28,PETR4,B
1748000146,147,50,11,32.8,VALE3,A
1748000147,148,13,75,78.41,PETR4,B
1748000148,149,97,37,112.68,BBDC4,B
1748000149,150,36,39,87.99,PETR4,B
1748000150,151,33,66,73.05,ABEV3,B
1748000151,152,80,52,175.71,VALE3,A
1748000152,153,85,87,169.38,ABEV3,A
1748000153,154,73,95,140.97,PETR4,B
1748000154,155,27,79,151.44,PETR4,B
1748000155,156,77,31,125.86,VALE3,B
1748000156,157,40,43,40.35,PETR4,A
1748000157,158,30,2,126.5,ABEV3,A
1748000158,159,21,74,13.41,ITUB4,A
1748000159,160,54,92,118.41,BBDC4,A
1748000160,161,74,49,109.85,BBDC4,A
1748000161,162,55,2,94.12,PETR4,A
1748000162,163,53,47,34.97,BBDC4,A
1748000163,164,36,55,56.35,BBDC4,A
1748000164,165,82,-5,0.0,VALE3,B
1748000165,166,72,53,167.71,BBDC4,B
1748000166,167,73,51,119.29,PETR4,B
1748000167,168,13,75,36.12,VALE3,A
1748000168,169,72,1,23.74,ITUB4,B
1748000169,170,46,86,196.79,BBDC4,B
1748000170,171,12,51,148.57,PETR4,B
1748000171,172,98,100,58.85,ITUB4,B
1748000172,173,38,25,130.99,VALE3,A
1748000173,174,66,55,180.91,ABEV3,B
1748000174,175,59,5,176.72,VALE3,A
1748000175,176,48,-5,0.0,ITUB4,A
1748000176,177,1,64,78.65,ITUB4,B
1748000177,178,90,42,127.21,ABEV3,B
1748000178,179,84,15,30.99,PETR4,B
1748000179,180,48,0,-1.0,PETR4,B
1748000180,181,73,35,138.51,BBDC4,B
1748000181,182,55,57,122.65,ITUB4,A
1748000182,183,5,-5,-1.0,PETR4,A
1748000183,184,73,50,134.54,BBDC4,B
1748000184,185,13,73,198.77,PETR4,B
1748000185,186,64,25,51.18,VALE3,B
1748000186,187,12,37,166.27,ABEV3,B
1748000187,188,83,55,121.14,PETR4,A
1748000188,189,62,35,75.06,VALE3,B
1748000189,190,42,57,111.81,ITUB4,B
1748000190,191,15,23,178.84,BBDC4,B
1748000191,192,19,61,102.95,PETR4,B
1748000192,193,87,31,156.98,PETR4,B
1748000193,194,83,44,25.9,BBDC4,B
1748000194,195,87,64,187.75,PETR4,A
1748000195,196,32,4,54.02,VALE3,B
1748000196,197,14,0,0.0,ABEV3,A
1748000197,198,44,21,22.94,PETR4,B
1748000198,199,70,34,181.21,BBDC4,B
1748000199,200,37,10,194.86,PETR4,B
1748000200,201,52,47,82.15,ABEV3,B
1748000201,202,46,30,84.36,VALE3,B
1748000202,203,46,40,85.51,VALE3,B
1748000203,204,73,68,159.15,BBDC4,A
1748000204,205,83,12,55.76,BBDC4,B
1748000205,206,81,10,122.49,ITUB4,B
1748000206,207,26,1,79.75,VALE3,A
1748000207,208,41,44,136.25,BBDC4,B
1748000208,209,3,72,197.96,BBDC4,B
1748000209,210,99,83,119.63,VALE3,A
1748000210,211,85,100,178.98,BBDC4,B
1748000211,212,71,75,190.55,ITUB4,B
1748000212,213,87,85,134.26,ABEV3,A
1748000213,214,63,14,142.32,BBDC4,B
1748000214,215,10,32,36.53,ABEV3,B
1748000215,216,15,4,90.02,ITUB4,A
1748000216,217,26,-5,0.0,BBDC4,A
1748000217,218,98,28,192.15,ABEV3,A
1748000218,219,72,49,159.98,PETR4,B
1748000219,220,40,97,14.83,ABEV3,B
1748000220,221,98,93,38.82,PETR4,B
1748000221,222,38,18,96.43,VALE3,A
1748000222,223,28,72,168.56,VALE3,B
1748000223,224,13,0,0.0,PETR4,B
1748000224,225,12,7,46.26,ABEV3,B
1748000225,226,81,48,80.25,ABEV3,A
1748000226,227,2,61,79.71,PETR4,B
1748000227,228,13,46,183.23,PETR4,A
1748000228,229,6,49,29.1,BBDC4,B
1748000229,230,70,48,163.37,BBDC4,B
1748000230,231,2,-5,0.0,ITUB4,B
1748000231,232,47,11,42.38,VALE3,B
1748000232,233,33,18,56.74,PETR4,B
1748000233,234,87,4,97.4,ITUB4,B
1748000234,235,14,7,60.33,ITUB4,B
1748000235,236,95,65,199.39,PETR4,B
1748000236,237,25,65,147.3,VALE3,A
1748000237,238,25,64,33.74,VALE3,B
1748000238,239,22,64,41.47,PETR4,A
1748000239,240,35,88,129.3,PETR4,A
1748000240,241,16,22,56.08,ITUB4,A
1748000241,242,15,54,150.41,ITUB4,A
1748000242,243,34,66,112.18,ITUB4,B
1748000243,244,36,83,106.79,VALE3,A
1748000244,245,19,99,10.31,ABEV3,B
1748000245,246,57,59,165.4,VALE3,A
1748000246,247,51,76,176.61,VALE3,A
1748000247,248,4,10,45.93,PETR4,A
1748000248,249,40,5,171.85,VALE3,B
1748000249,250,6,93,126.42,ITUB4,B
1748000250,251,89,-5,0.0,ABEV3,A
1748000251,252,24,-5,0.0,PETR4,B
1748000252,253,86,73,56.4,ABEV3,B
1748000253,254,40,22,49.9,ITUB4,A
1748000254,255,21,88,73.35,PETR4,A
1748000255,256,61,10,184.76,BBDC4,A
1748000256,257,95,-5,0.0,ITUB4,B
1748000257,258,48,20,59.94,BBDC4,A
1748000258,259,11,70,76.64,VALE3,B
1748000259,260,67,83,167.13,BBDC4,B
1748000260,261,70,32,93.0,ABEV3,B
1748000261,262,77,56,171.64,PETR4,A
1748000262,263,14,82,33.49,VALE3,A
1748000263,264,27,16,171.49,ITUB4,B
1748000264,265,40,49,48.54,PETR4,B
1748000265,266,62,22,42.42,ITUB4,B
1748000266,267,11,0,0.0,ITUB4,B
1748000267,268,90,72,173.34,PETR4,B
1748000268,269,63,48,197.61,VALE3,A
1748000269,270,12,72,168.07,VALE3,A
1748000270,271,75,26,67.05,PETR4,A
1748000271,272,63,90,199.56,PETR4,A
1748000272,273,68,10,88.54,ITUB4,A
1748000273,274,42,36,25.07,ITUB4,B
1748000274,275,8,35,156.6,PETR4,A
1748000275,276,47,55,122.33,PETR4,A
1748000276,277,95,58,174.23,ITUB4,A
1748000277,278,83,0,0.0,PETR4,B
1748000278,279,46,23,181.24,VALE3,B
1748000279,280,48,-5,0.0,PETR4,B
1748000280,281,28,0,0.0,PETR4,A
1748000281,282,76,89,161.17,PETR4,A
1748000282,283,31,57,47.47,BBDC4,A
1748000283,284,25,67,107.75,VALE3,A
1748000284,285,91,0,0.0,ITUB4,B
1748000285,286,87,67,43.7,PETR4,A
1748000286,287,58,93,169.33,ITUB4,B
1748000287,288,9,38,101.26,BBDC4,A
1748000288,289,69,57,146.97,BBDC4,B
1748000289,290,7,52,57.49,VALE3,A
1748000290,291,43,25,23.41,BBDC4,B
1748000291,292,1,18,73.69,ITUB4,A
1748000292,293,46,16,133.72,VALE3,B
1748000293,294,76,46,150.15,BBDC4,B
1748000294,295,100,16,139.3,VALE3,B
1748000295,296,70,54,166.96,BBDC4,A
1748000296,297,28,-5,-1.0,PETR4,B
1748000297,298,100,93,195.73,ABEV3,B
1748000298,299,11,35,148.47,ITUB4,A
1748000299,300,2,50,149.47,PETR4,A
1748000300,301,87,41,100.75,PETR4,B
1748000301,302,56,47,141.37,BBDC4,A
1748000302,303,92,49,68.55,BBDC4,A
1748000303,304,67,34,76.8,ABEV3,B
1748000304,305,9,14,23.56,BBDC4,A
1748000305,306,42,5,62.85,VALE3,A
1748000306,307,43,52,26.91,ABEV3,A
1748000307,308,26,95,18.74,VALE3,A
1748000308,309,62,55,54.7,BBDC4,B
1748000309,310,80,41,75.11,ITUB4,A
1748000310,311,36,73,182.55,BBDC4,A
1748000311,312,88,0,-1.0,PETR4,B
1748000312,313,37,81,166.78,PETR4,B
1748000313,314,21,99,45.44,ABEV3,B
1748000314,315,23,29,31.8,BBDC4,A
1748000315,316,25,-5,0.0,ABEV3,A
1748000316,317,51,18,83.93,VALE3,B
1748000317,318,9,35,157.21,PETR4,A
1748000318,319,47,59,25.4,BBDC4,A
1748000319,320,37,30,165.1,PETR4,B
1748000320,321,5,47,113.7,BBDC4,A
1748000321,322,100,66,139.64,BBDC4,B
1748000322,323,1,16,113.02,VALE3,A
1748000323,324,23,85,59.16,VALE3,B
1748000324,325,51,55,47.66,PETR4,A
1748000325,326,47,-5,0.0,ITUB4,B
1748000326,327,22,3,85.93,PETR4,A
1748000327,328,6,34,58.68,BBDC4,B
1748000328,329,88,96,41.51,VALE3,B
1748000329,330,95,0,0.0,BBDC4,B
1748000330,331,86,20,146.82,BBDC4,A
1748000331,332,97,51,45.67,ITUB4,B
1748000332,333,55,52,125.58,BBDC4,B
1748000333,334,11,-5,-1.0,BBDC4,A
1748000334,335,74,46,180.09,VALE3,B
1748000335,336,80,7,55.64,VALE3,A
1748000336,337,52,66,16.6,BBDC4,B
1748000337,338,16,65,58.56,ITUB4,A
1748000338,339,65,37,162.58,ABEV3,B
1748000339,340,84,7,191.39,ITUB4,B
1748000340,341,5,53,177.39,ITUB4,B
1748000341,342,2,94,161.22,BBDC4,A
1748000342,343,51,54,147.27,VALE3,A
1748000343,344,62,62,142.93,PETR4,A
1748000344,345,73,70,18.48,BBDC4,B
1748000345,346,1,-5,-1.0,ITUB4,A
1748000346,347,19,98,64.41,PETR4,B
1748000347,348,69,68,172.32,BBDC4,B
1748000348,349,75,6,83.41,PETR4,A
1748000349,350,24,44,77.14,ITUB4,A
1748000350,351,39,8,68.92,ABEV3,B
1748000351,352,10,0,-1.0,ITUB4,A
1748000352,353,21,40,11.62,VALE3,A
1748000353,354,40,76,153.65,ITUB4,A
1748000354,355,47,54,34.63,BBDC4,B
1748000355,356,49,96,53.43,ITUB4,A
1748000356,357,56,2,123.81,PETR4,B
1748000357,358,82,0,0.0,PETR4,A
1748000358,359,87,51,164.57,PETR4,B
1748000359,360,1,23,127.25,VALE3,B
1748000360,361,16,14,154.57,BBDC4,A
1748000361,362,18,0,-1.0,BBDC4,B
1748000362,363,47,28,173.84,BBDC4,A
1748000363,364,21,-5,-1.0,BBDC4,B
1748000364,365,40,21,33.07,VALE3,A
1748000365,366,50,50,119.57,BBDC4,A
1748000366,367,76,20,106.98,ABEV3,B
1748000367,368,78,10,118.04,PETR4,A
1748000368,369,20,24,71.04,ITUB4,B
1748000369,370,54,22,190.26,ITUB4,B
1748000370,371,78,67,94.08,BBDC4,A
1748000371,372,31,36,43.21,BBDC4,A
1748000372,373,43,26,50.03,PETR4,A
1748000373,374,9,70,131.09,ABEV3,B
1748000374,375,18,90,47.85,ITUB4,A
1748000375,376,99,90,32.66,VALE3,A
1748000376,377,6,3,174.81,ITUB4,A
1748000377,378,12,9,193.89,VALE3,A
1748000378,379,78,89,51.28,PETR4,A
1748000379,380,68,54,157.38,VALE3,B
1748000380,381,17,28,84.45,ABEV3,A
1748000381,382,59,1,168.05,VALE3,B
1748000382,383,14,57,96.36,ITUB4,A
1748000383,384,96,86,99.09,BBDC4,B
1748000384,385,87,84,72.72,PETR4,B
1748000385,386,75,55,127.74,BBDC4,A
1748000386,387,67,67,154.28,VALE3,A
1748000387,388,40,80,27.7,ITUB4,B
1748000388,389,9,58,135.32,ABEV3,B
1748000389,390,74,23,154.19,PETR4,B
1748000390,391,63,0,0.0,ABEV3,A
1748000391,392,2,43,42.6,BBDC4,B
1748000392,393,14,27,35.62,ITUB4,B
1748000393,394,67,53,137.18,BBDC4,B
1748000394,395,45,2,62.81,BBDC4,A
1748000395,396,25,76,138.38,VALE3,A
1748000396,397,20,78,162.06,VALE3,A
1748000397,398,22,51,152.63,ITUB4,A
1748000398,399,34,63,178.44,PETR4,A
1748000399,400,60,4,165.65,ITUB4,A
1748000400,401,7,71,119.91,PETR4,A
1748000401,402,55,64,85.75,BBDC4,A
1748000402,403,3,41,184.84,VALE3,A
1748000403,404,21,7,46.32,PETR4,A
1748000404,405,7,31,164.09,ITUB4,B
1748000405,406,79,8,177.9,BBDC4,A
1748000406,407,28,67,140.45,BBDC4,B
1748000407,408,75,94,198.91,ABEV3,B
1748000408,409,71,28,127.5,VALE3,A
1748000409,410,39,4,53.27,BBDC4,A
1748000410,411,90,0,0.0,PETR4,A
1748000411,412,3,96,38.74,VALE3,A
1748000412,413,64,68,12.13,BBDC4,A
1748000413,414,55,82,93.21,ITUB4,A
1748000414,415,51,25,179.15,BBDC4,A
1748000415,416,36,-5,-1.0,ITUB4,B
1748000416,417,50,44,164.86,VALE3,A
1748000417,418,42,65,113.25,ABEV3,A
1748000418,419,33,41,138.91,ABEV3,A
1748000419,420,84,74,115.94,ABEV3,A
1748000420,421,87,98,153.92,VALE3,A
1748000421,422,53,51,50.45,PETR4,B
1748000422,423,31,89,60.77,PETR4,B
1748000423,424,90,81,123.68,ABEV3,B
1748000424,425,86,4,112.79,PETR4,A
1748000425,426,97,45,135.92,PETR4,A
1748000426,427,61,98,44.88,PETR4,B
1748000427,428,9,86,123.75,PETR4,A
1748000428,429,14,61,119.45,ABEV3,A
1748000429,430,15,56,33.12,PETR4,A
1748000430,431,38,63,172.93,PETR4,B
1748000431,432,16,0,-1.0,PETR4,B
1748000432,433,59,45,184.65,VALE3,B
1748000433,434,21,96,45.15,ABEV3,B
1748000434,435,87,27,32.87,PETR4,A
1748000435,436,18,0,0.0,VALE3,A
1748000436,437,98,26,164.76,ABEV3,B
1748000437,438,83,-5,-1.0,ITUB4,A
1748000438,439,61,49,191.73,BBDC4,A
1748000439,440,39,81,146.64,PETR4,A
1748000440,441,52,41,86.32,ITUB4,B
1748000441,442,71,45,148.4,ABEV3,B
1748000442,443,27,71,85.25,VALE3,B
1748000443,444,10,41,93.25,ABEV3,B
1748000444,445,62,22,137.69,BBDC4,A
1748000445,446,69,56,94.26,ITUB4,A
1748000446,447,54,87,112.2,PETR4,B
1748000447,448,96,69,135.64,BBDC4,A
1748000448,449,86,7,94.91,ABEV3,A
1748000449,450,57,62,42.25,ITUB4,A
1748000450,451,40,-5,0.0,PETR4,B
1748000451,452,51,98,10.08,PETR4,A
1748000452,453,71,38,84.66,ITUB4,B
1748000453,454,81,45,133.89,ITUB4,B
1748000454,455,10,70,51.91,VALE3,B
1748000455,456,68,33,195.86,ABEV3,A
1748000456,457,41,-5,-1.0,PETR4,B
1748000457,458,40,26,101.03,ITUB4,A
1748000458,459,45,68,113.46,VALE3,A
1748000459,460,59,74,159.23,BBDC4,A
1748000460,461,68,0,0.0,ITUB4,A
1748000461,462,8,0,-1.0,BBDC4,A
1748000462,463,23,93,184.92,ABEV3,A
1748000463,464,34,0,-1.0,BBDC4,A
1748000464,465,21,76,196.29,VALE3,A
1748000465,466,88,50,140.47,ITUB4,A
1748000466,467,88,73,189.05,PETR4,A
1748000467,468,22,29,11.69,PETR4,B
1748000468,469,18,43,139.21,PETR4,B
1748000469,470,34,14,128.15,VALE3,B
1748000470,471,66,49,199.46,ABEV3,A
1748000471,472,53,16,131.14,ABEV3,B
1748000472,473,44,54,154.52,BBDC4,B
1748000473,474,52,20,144.3,ABEV3,A
1748000474,475,92,34,33.44,ABEV3,A
1748000475,476,97,39,126.79,VALE3,B
1748000476,477,6,19,55.56,VALE3,B
1748000477,478,55,68,105.37,VALE3,B
1748000478,479,53,73,37.83,ITUB4,B
1748000479,480,20,50,151.82,VALE3,B
1748000480,481,70,42,30.98,ABEV3,B
1748000481,482,55,23,198.27,VALE3,A
1748000482,483,39,46,112.02,PETR4,B
1748000483,484,69,39,36.34,ITUB4,A
1748000484,485,84,75,165.42,ITUB4,B
1748000485,486,80,47,98.03,BBDC4,A
1748000486,487,5,14,68.18,ITUB4,B
1748000487,488,78,32,161.27,VALE3,B
1748000488,489,62,18,53.46,ABEV3,B
1748000489,490,6,8,86.13,VALE3,B
1748000490,491,10,73,168.81,ABEV3,B
1748000491,492,20,59,179.33,ABEV3,A
1748000492,493,91,-5,-1.0,VALE3,B
1748000493,494,7,43,152.52,ITUB4,B
1748000494,495,44,41,79.64,PETR4,A
1748000495,496,79,85,134.29,BBDC4,B
1748000496,497,58,0,-1.0,PETR4,B
1748000497,498,84,70,176.34,BBDC4,B
1748000498,499,91,21,176.23,VALE3,A
1748000499,500,96,11,78.21,BBDC4,A
1748000500,501,10,47,181.99,PETR4,A
1748000501,502,80,7,96.9,ITUB4,A
1748000502,503,2,58,95.06,BBDC4,A
1748000503,504,66,19,74.32,ABEV3,A
1748000504,505,98,21,53.01,VALE3,B
1748000505,506,67,80,25.21,VALE3,A
1748000506,507,88,44,106.59,ABEV3,A
1748000507,508,71,56,163.22,VALE3,A
1748000508,509,15,100,78.72,VALE3,B
1748000509,510,96,33,160.62,ITUB4,B
1748000510,511,47,36,83.75,BBDC4,A
1748000511,512,66,3,15.78,ABEV3,A
1748000512,513,42,90,113.68,PETR4,B
1748000513,514,55,78,42.12,VALE3,A
1748000514,515,72,25,110.54,BBDC4,B
1748000515,516,57,0,0.0,ITUB4,B
1748000516,517,87,72,147.33,BBDC4,B
1748000517,518,60,5,81.19,ABEV3,B
1748000518,519,22,33,134.98,ITUB4,A
1748000519,520,42,21,195.21,VALE3,B
1748000520,521,88,34,178.91,BBDC4,A
1748000521,522,22,2,65.25,ABEV3,B
1748000522,523,84,93,55.45,VALE3,A
1748000523,524,39,93,78.3,ITUB4,A
1748000524,525,98,11,172.29,ABEV3,B
1748000525,526,57,73,50.33,VALE3,A
1748000526,527,97,19,105.31,ITUB4,A
1748000527,528,76,-5,-1.0,VALE3,A
1748000528,529,29,18,10.49,VALE3,A
1748000529,530,30,76,193.89,BBDC4,A
1748000530,531,39,81,143.38,ITUB4,B
1748000531,532,29,48,110.27,ITUB4,A
1748000532,533,62,0,-1.0,BBDC4,A
1748000533,534,67,87,192.92,ITUB4,A
1748000534,535,72,15,56.24,BBDC4,A
1748000535,536,97,84,88.76,ABEV3,B
1748000536,537,44,61,174.87,ABEV3,B
1748000537,538,91,82,87.47,VALE3,B
1748000538,539,29,92,19.85,VALE3,A
1748000539,540,53,81,61.38,BBDC4,A
1748000540,541,73,67,112.15,VALE3,A
1748000541,542,26,59,96.75,PETR4,B
1748000542,543,96,79,138.84,BBDC4,A
1748000543,544,62,0,0.0,BBDC4,B
1748000544,545,92,31,15.94,ITUB4,B
1748000545,546,88,96,192.23,VALE3,B
1748000546,547,29,73,166.22,VALE3,A
1748000547,548,22,96,184.1,ITUB4,B
1748000548,549,42,24,38.41,BBDC4,B
1748000549,550,68,58,75.77,ITUB4,A
1748000550,551,72,87,87.92,VALE3,A
1748000551,552,93,42,143.92,VALE3,A
1748000552,553,10,21,183.21,ABEV3,B
1748000553,554,8,55,157.66,VALE3,A
1748000554,555,19,10,107.74,BBDC4,B
1748000555,556,12,71,97.18,ITUB4,B
1748000556,557,92,27,57.3,VALE3,B
1748000557,558,47,15,10.9,ITUB4,A
1748000558,559,1,18,108.14,ITUB4,B
1748000559,560,29,31,58.05,BBDC4,A
1748000560,561,50,95,16.15,PETR4,A
1748000561,562,99,100,92.98,ITUB4,A
1748000562,563,3,-5,-1.0,VALE3,A
1748000563,564,94,17,51.48,VALE3,B
1748000564,565,94,78,163.14,ABEV3,B
1748000565,566,13,69,128.76,BBDC4,A
1748000566,567,12,46,15.23,ITUB4,B
1748000567,568,87,11,139.23,VALE3,B
1748000568,569,31,52,106.5,ITUB4,B
1748000569,570,68,28,74.88,ABEV3,B
1748000570,571,21,12,28.35,ABEV3,B
1748000571,572,16,96,78.06,VALE3,B
1748000572,573,59,31,58.95,ITUB4,A
1748000573,574,58,94,145.7,BBDC4,A
1748000574,575,91,73,97.35,ITUB4,A
1748000575,576,6,23,36.38,PETR4,B
1748000576,577,4,84,96.31,ABEV3,B
1748000577,578,20,-5,-1.0,ITUB4,A
1748000578,579,81,-5,0.0,VALE3,B
1748000579,580,71,73,93.55,ABEV3,B
1748000580,581,20,35,119.6,PETR4,B
1748000581,582,2,34,17.93,BBDC4,A
1748000582,583,59,37,117.3,ITUB4,B
1748000583,584,13,78,37.6,VALE3,A
1748000584,585,30,19,184.37,PETR4,B
1748000585,586,81,1,81.02,ABEV3,A
1748000586,587,3,75,33.98,VALE3,A
1748000587,588,46,-5,-1.0,ABEV3,A
1748000588,589,96,60,88.28,ITUB4,A
1748000589,590,100,27,150.0,BBDC4,B
1748000590,591,38,97,106.12,PETR4,A
1748000591,592,51,21,199.52,ABEV3,B
1748000592,593,87,9,119.27,BBDC4,B
1748000593,594,68,87,114.26,PETR4,A
1748000594,595,99,99,181.58,ITUB4,A
1748000595,596,36,56,57.83,PETR4,A
1748000596,597,13,77,26.07,PETR4,B
1748000597,598,65,46,118.79,ABEV3,A
1748000598,599,73,19,53.92,BBDC4,B
1748000599,600,75,59,149.54,BBDC4,A
1748000600,601,19,67,32.5,ITUB4,B
1748000601,602,9,13,52.39,PETR4,B
1748000602,603,20,50,198.65,VALE3,B
1748000603,604,43,27,88.57,ABEV3,A
1748000604,605,11,77,12.04,PETR4,A
1748000605,606,87,-5,-1.0,VALE3,A
1748000606,607,97,9,76.24,BBDC4,B
1748000607,608,30,34,84.88,PETR4,B
1748000608,609,81,94,31.29,VALE3,A
1748000609,610,77,15,114.13,BBDC4,A
1748000610,611,33,50,152.57,ITUB4,B
1748000611,612,84,20,126.17,ABEV3,B
1748000612,613,15,16,106.85,ITUB4,B
1748000613,614,51,78,63.3,ITUB4,B
1748000614,615,40,89,122.1,PETR4,B
1748000615,616,62,82,182.44,VALE3,A
1748000616,617,20,35,71.32,ITUB4,A
1748000617,618,54,91,11.48,PETR4,A
1748000618,619,14,56,48.06,VALE3,A
1748000619,620,70,5,198.53,ABEV3,B
1748000620,621,61,63,21.73,BBDC4,B
1748000621,622,9,18,138.33,VALE3,B
1748000622,623,97,16,152.61,VALE3,A
1748000623,624,26,46,27.21,ITUB4,B
1748000624,625,80,80,134.79,ITUB4,B
1748000625,626,51,58,67.69,ITUB4,A
1748000626,627,2,10,197.34,VALE3,B
1748000627,628,74,41,189.02,BBDC4,A
1748000628,629,37,43,77.89,PETR4,A
1748000629,630,45,13,132.86,VALE3,A
1748000630,631,63,88,171.88,VALE3,B
1748000631,632,57,29,51.86,ABEV3,A
1748000632,633,41,94,141.68,BBDC4,A
1748000633,634,62,0,-1.0,PETR4,B
1748000634,635,7,94,28.95,ITUB4,B
1748000635,636,56,94,75.32,ABEV3,B
1748000636,637,58,57,127.29,BBDC4,B
1748000637,638,99,51,16.12,VALE3,B
1748000638,639,65,27,135.98,BBDC4,B
1748000639,640,33,16,126.94,ITUB4,B
1748000640,641,58,73,144.52,VALE3,A
1748000641,642,21,52,63.79,ABEV3,B
1748000642,643,72,53,46.03,VALE3,A
1748000643,644,87,24,38.11,ABEV3,A
1748000644,645,63,59,36.92,PETR4,A
1748000645,646,35,84,119.86,BBDC4,A
1748000646,647,97,3,153.59,ABEV3,B
1748000647,648,55,16,110.68,ABEV3,B
1748000648,649,60,72,156.35,VALE3,B
1748000649,650,93,15,123.25,ITUB4,A
1748000650,651,69,53,16.89,VALE3,B
1748000651,652,91,95,85.61,ABEV3,A
1748000652,653,17,94,195.87,PETR4,B
1748000653,654,91,89,197.78,BBDC4,B
1748000654,655,67,24,96.53,ABEV3,A
1748000655,656,48,87,144.77,BBDC4,A
1748000656,657,63,30,23.17,ABEV3,B
1748000657,658,75,55,101.03,ABEV3,B
1748000658,659,98,68,129.86,PETR4,A
1748000659,660,54,72,161.46,PETR4,A
1748000660,661,62,14,54.73,VALE3,B
1748000661,662,5,12,11.2,ABEV3,B
1748000662,663,1,70,101.52,VALE3,A
1748000663,664,10,69,150.5,VALE3,B
1748000664,665,89,70,69.59,PETR4,B
1748000665,666,42,68,52.02,PETR4,A
1748000666,667,63,57,160.2,PETR4,A
1748000667,668,45,62,177.61,ABEV3,A
1748000668,669,49,56,23.34,VALE3,B
1748000669,670,27,100,73.74,BBDC4,A
1748000670,671,87,89,150.04,ITUB4,A
1748000671,672,77,62,110.69,PETR4,A
1748000672,673,26,55,116.59,BBDC4,A
1748000673,674,79,53,177.17,VALE3,A
1748000674,675,50,82,36.04,BBDC4,B
1748000675,676,22,80,100.91,BBDC4,B
1748000676,677,54,92,15.79,PETR4,A
1748000677,678,8,72,13.85,VALE3,A
1748000678,679,82,27,131.06,ABEV3,A
1748000679,680,33,94,91.03,VALE3,B
1748000680,681,93,-5,0.0,ABEV3,A
1748000681,682,79,6,63.28,ABEV3,B
1748000682,683,33,11,148.01,ABEV3,B
1748000683,684,24,56,180.03,ABEV3,A
1748000684,685,26,62,73.84,VALE3,B
1748000685,686,34,95,126.41,BBDC4,B
1748000686,687,38,42,158.5,ABEV3,A
1748000687,688,98,82,28.58,ITUB4,B
1748000688,689,21,49,142.67,VALE3,A
1748000689,690,66,100,192.24,VALE3,B
1748000690,691,50,75,198.52,BBDC4,A
1748000691,692,32,70,113.14,BBDC4,B
1748000692,693,42,70,115.15,ITUB4,B
1748000693,694,30,52,130.27,ITUB4,A
1748000694,695,83,39,115.38,ITUB4,A
1748000695,696,13,49,150.03,BBDC4,B
1748000696,697,88,75,68.73,PETR4,A
1748000697,698,3,97,42.44,ITUB4,B
1748000698,699,66,88,55.98,ABEV3,B
1748000699,700,91,30,26.97,VALE3,A
1748000700,701,18,4,73.81,ITUB4,A
1748000701,702,51,7,90.8,ITUB4,B
1748000702,703,50,27,159.91,ABEV3,B
1748000703,704,52,6,60.78,ABEV3,A
1748000704,705,18,15,161.57,PETR4,B
1748000705,706,80,15,38.57,ABEV3,B
1748000706,707,73,0,0.0,BBDC4,A
1748000707,708,52,49,90.73,PETR4,A
1748000708,709,71,96,52.62,VALE3,B
1748000709,710,21,35,168.4,VALE3,A
1748000710,711,89,64,196.91,VALE3,B
1748000711,712,98,35,28.14,ABEV3,A
1748000712,713,51,46,23.08,ABEV3,B
1748000713,714,51,19,149.33,BBDC4,B
1748000714,715,15,81,136.03,ABEV3,B
1748000715,716,5,23,103.36,ITUB4,A
1748000716,717,65,27,81.29,VALE3,A
1748000717,718,97,94,41.04,ABEV3,B
1748000718,719,97,59,185.66,ABEV3,B
1748000719,720,22,12,178.23,ABEV3,A
1748000720,721,59,99,155.33,ABEV3,A
1748000721,722,4,94,196.8,BBDC4,B
1748000722,723,93,54,71.4,ABEV3,B
1748000723,724,92,26,194.85,BBDC4,A
1748000724,725,72,99,135.85,BBDC4,A
1748000725,726,5,54,188.82,PETR4,A
1748000726,727,97,77,197.97,ABEV3,A
1748000727,728,63,20,30.88,ITUB4,A
1748000728,729,87,48,71.47,ABEV3,A
1748000729,730,64,18,121.32,VALE3,A
1748000730,731,29,68,116.13,BBDC4,A
1748000731,732,1,63,46.74,ABEV3,B
1748000732,733,42,73,150.21,BBDC4,B
1748000733,734,73,0,0.0,ITUB4,B
1748000734,735,37,8,112.49,VALE3,B
1748000735,736,89,50,185.09,PETR4,A
1748000736,737,47,15,87.44,BBDC4,B
1748000737,738,36,-5,0.0,VALE3,B
1748000738,739,4,37,27.12,VALE3,B
1748000739,740,95,29,30.87,VALE3,B
1748000740,741,20,-5,-1.0,BBDC4,B
1748000741,742,81,61,65.91,ITUB4,B
1748000742,743,25,87,182.52,VALE3,A
1748000743,744,51,18,95.94,VALE3,B
1748000744,745,55,53,189.11,PETR4,A
1748000745,746,13,42,136.97,ITUB4,A
1748000746,747,1,43,56.64,BBDC4,B
1748000747,748,6,75,125.63,ITUB4,A
1748000748,749,61,37,109.39,ABEV3,B
1748000749,750,58,-5,0.0,ITUB4,A
1748000750,751,54,91,185.97,ITUB4,A
1748000751,752,21,21,146.92,VALE3,A
1748000752,753,51,44,107.71,ITUB4,A
1748000753,754,94,14,92.27,VALE3,B
1748000754,755,40,72,152.55,VALE3,A
1748000755,756,47,26,128.24,ITUB4,A
1748000756,757,78,28,134.43,VALE3,B
1748000757,758,52,98,41.49,BBDC4,A
1748000758,759,3,45,131.46,BBDC4,A
1748000759,760,75,52,90.66,BBDC4,B
1748000760,761,23,93,113.15,PETR4,A
1748000761,762,95,15,78.57,VALE3,A
1748000762,763,62,90,33.19,PETR4,A
1748000763,764,29,-5,0.0,BBDC4,B
1748000764,765,66,-5,-1.0,PETR4,B
1748000765,766,16,0,0.0,ITUB4,A
1748000766,767,93,26,63.68,BBDC4,B
1748000767,768,33,75,58.8,PETR4,A
1748000768,769,89,30,130.07,ABEV3,B
1748000769,770,11,14,29.48,ABEV3,A
1748000770,771,71,0,-1.0,VALE3,A
1748000771,772,44,51,13.6,ABEV3,B
1748000772,773,42,57,163.72,VALE3,B
1748000773,774,72,91,132.63,PETR4,A
1748000774,775,11,75,82.83,PETR4,B
1748000775,776,46,50,122.3,PETR4,A
1748000776,777,63,46,42.82,BBDC4,A
1748000777,778,27,20,27.29,PETR4,A
1748000778,779,50,70,114.2,ITUB4,A
1748000779,780,23,65,170.56,BBDC4,A
1748000780,781,77,27,138.58,ITUB4,A
1748000781,782,4,-5,0.0,ABEV3,B
1748000782,783,71,86,144.41,PETR4,A
1748000783,784,67,77,69.07,ITUB4,B
1748000784,785,71,46,74.69,PETR4,A
1748000785,786,41,0,0.0,PETR4,A
1748000786,787,67,21,113.11,VALE3,B
1748000787,788,67,28,156.01,ITUB4,B
1748000788,789,48,40,32.62,VALE3,A
1748000789,790,25,20,59.77,ABEV3,B
1748000790,791,57,15,185.44,BBDC4,B
1748000791,792,15,5,168.14,BBDC4,B
1748000792,793,5,19,134.55,PETR4,A
1748000793,794,10,69,137.28,PETR4,A
1748000794,795,89,60,104.45,PETR4,B
1748000795,796,6,82,11.13,VALE3,B
1748000796,797,29,4,82.01,BBDC4,A
1748000797,798,81,45,95.15,ABEV3,B
1748000798,799,77,95,11.74,ABEV3,A
1748000799,800,4,42,16.21,BBDC4,A
1748000800,801,21,100,80.08,VALE3,B
1748000801,802,54,92,91.39,BBDC4,B
1748000802,803,51,16,77.12,VALE3,A
1748000803,804,92,95,158.02,PETR4,A
1748000804,805,82,37,64.84,ABEV3,A
1748000805,806,30,71,59.69,PETR4,B
1748000806,807,23,78,101.1,ABEV3,A
1748000807,808,18,48,137.54,ABEV3,A
1748000808,809,28,3,156.07,VALE3,B
1748000809,810,65,83,145.58,BBDC4,A
1748000810,811,51,17,84.57,ABEV3,B
1748000811,812,52,51,58.76,ITUB4,B
1748000812,813,82,4,18.75,VALE3,A
1748000813,814,23,16,175.06,VALE3,A
1748000814,815,15,25,184.59,PETR4,A
1748000815,816,77,25,65.49,VALE3,A
1748000816,817,53,55,51.82,VALE3,B
1748000817,818,50,39,147.95,PETR4,A
1748000818,819,43,34,12.6,VALE3,B
1748000819,820,94,1,150.36,ABEV3,B
1748000820,821,2,18,117.0,ITUB4,A
1748000821,822,16,84,171.3,ITUB4,B
1748000822,823,98,16,125.52,ITUB4,B
1748000823,824,72,90,90.89,VALE3,B
1748000824,825,65,6,166.52,ITUB4,A
1748000825,826,77,38,153.41,VALE3,B
1748000826,827,8,91,111.61,PETR4,B
1748000827,828,70,95,190.55,BBDC4,B
1748000828,829,41,50,24.37,BBDC4,B
1748000829,830,34,36,62.96,BBDC4,B
1748000830,831,41,45,184.48,ITUB4,B
1748000831,832,92,33,191.47,ITUB4,A
1748000832,833,22,76,141.23,ABEV3,A
1748000833,834,90,77,47.22,PETR4,A
1748000834,835,56,66,56.77,ABEV3,B
1748000835,836,86,6,191.19,BBDC4,A
1748000836,837,66,52,64.11,ABEV3,A
1748000837,838,34,92,96.3,ABEV3,B
1748000838,839,84,0,0.0,ITUB4,A
1748000839,840,89,82,63.12,VALE3,A
1748000840,841,28,12,156.18,ABEV3,A
1748000841,842,66,22,47.03,ITUB4,A
1748000842,843,77,97,85.41,ITUB4,B
1748000843,844,43,34,170.88,BBDC4,B
1748000844,845,17,59,167.85,PETR4,A
1748000845,846,99,42,154.93,BBDC4,A
1748000846,847,21,75,195.7,BBDC4,B
1748000847,848,76,26,99.65,ABEV3,B
1748000848,849,58,3,167.81,BBDC4,A
1748000849,850,93,68,190.04,VALE3,B
1748000850,851,93,41,95.57,ABEV3,A
1748000851,852,94,33,13.11,ABEV3,B
1748000852,853,17,54,98.48,BBDC4,A
1748000853,854,68,45,171.09,VALE3,A
1748000854,855,4,2,72.17,PETR4,A
1748000855,856,21,0,0.0,BBDC4,B
1748000856,857,36,58,112.37,VALE3,B
1748000857,858,100,9,39.23,PETR4,A
1748000858,859,20,77,125.58,ITUB4,B
1748000859,860,26,38,122.33,ITUB4,B
1748000860,861,1,24,80.87,ABEV3,B
1748000861,862,60,53,89.3,ITUB4,A
1748000862,863,18,-5,0.0,VALE3,A
1748000863,864,96,56,172.71,ABEV3,A
1748000864,865,68,72,111.04,BBDC4,B
1748000865,866,41,21,11.96,PETR4,A
1748000866,867,11,66,35.22,VALE3,B
1748000867,868,85,10,166.94,PETR4,B
1748000868,869,48,-5,-1.0,PETR4,A
1748000869,870,86,20,27.8,ITUB4,B
1748000870,871,91,72,187.04,BBDC4,B
1748000871,872,36,22,171.75,VALE3,B
1748000872,873,68,1,32.32,VALE3,B
1748000873,874,96,0,-1.0,ABEV3,B
1748000874,875,70,-5,-1.0,BBDC4,A
1748000875,876,66,83,142.75,ABEV3,B
1748000876,877,24,90,23.46,ITUB4,B
1748000877,878,11,63,43.29,VALE3,B
1748000878,879,79,0,0.0,PETR4,A
1748000879,880,54,39,69.23,ABEV3,B
1748000880,881,44,16,164.09,ITUB4,A
1748000881,882,56,34,145.12,PETR4,B
1748000882,883,61,53,155.92,PETR4,A
1748000883,884,96,60,135.96,VALE3,A
1748000884,885,67,50,81.03,VALE3,A
1748000885,886,53,93,139.61,VALE3,A
1748000886,887,47,32,149.38,ITUB4,A
1748000887,888,31,56,99.51,VALE3,B
1748000888,889,85,38,20.74,ITUB4,B
1748000889,890,80,29,120.53,PETR4,B
1748000890,891,72,85,70.44,VALE3,B
1748000891,892,63,59,149.26,PETR4,B
1748000892,893,16,18,27.32,ABEV3,A
1748000893,894,41,82,86.75,BBDC4,B
1748000894,895,15,7,139.99,VALE3,A
1748000895,896,8,79,160.78,VALE3,A
1748000896,897,4,91,142.76,ITUB4,A
1748000897,898,82,15,53.89,ITUB4,A
1748000898,899,65,0,0.0,PETR4,A
1748000899,900,7,51,165.58,BBDC4,A
1748000900,901,77,39,41.83,PETR4,A
1748000901,902,59,91,185.64,BBDC4,B
1748000902,903,51,58,152.64,PETR4,A
1748000903,904,4,52,171.83,ABEV3,A
1748000904,905,81,42,120.29,ITUB4,B
1748000905,906,40,92,107.87,PETR4,A
1748000906,907,27,33,54.49,PETR4,B
1748000907,908,37,69,132.05,VALE3,B
1748000908,909,99,71,15.27,PETR4,B
1748000909,910,17,35,91.47,ABEV3,B
1748000910,911,40,25,179.73,VALE3,B
1748000911,912,96,35,109.57,ITUB4,A
1748000912,913,40,61,37.4,PETR4,A
1748000913,914,65,45,168.14,PETR4,A
1748000914,915,52,0,0.0,ITUB4,B
1748000915,916,68,25,51.49,ITUB4,A
1748000916,917,17,68,151.62,VALE3,B
1748000917,918,84,6,61.55,BBDC4,A
1748000918,919,13,71,20.68,PETR4,B
1748000919,920,6,6,74.99,ITUB4,A
1748000920,921,79,6,103.07,VALE3,A
1748000921,922,8,30,97.78,BBDC4,A
1748000922,923,3,21,193.51,BBDC4,B
1748000923,924,2,95,150.64,PETR4,B
1748000924,925,34,47,135.88,VALE3,B
1748000925,926,69,87,188.63,VALE3,A
1748000926,927,83,82,71.34,ITUB4,B
1748000927,928,68,89,54.86,VALE3,A
1748000928,929,91,28,114.97,VALE3,B
1748000929,930,83,36,119.94,ABEV3,A
1748000930,931,95,99,186.76,ABEV3,B
1748000931,932,67,24,156.36,BBDC4,B
1748000932,933,37,83,183.89,PETR4,A
1748000933,934,15,79,108.4,VALE3,B
1748000934,935,78,79,64.07,ITUB4,B
1748000935,936,37,22,181.02,VALE3,B
1748000936,937,17,35,27.55,PETR4,A
1748000937,938,56,88,156.49,ABEV3,B
1748000938,939,6,10,161.83,PETR4,B
1748000939,940,59,11,125.82,ITUB4,B
1748000940,941,87,46,149.36,ABEV3,A
1748000941,942,78,41,148.77,BBDC4,A
1748000942,943,58,6,31.26,PETR4,B
1748000943,944,72,4,121.83,BBDC4,A
1748000944,945,25,31,190.66,ITUB4,A
1748000945,946,53,35,19.57,VALE3,A
1748000946,947,96,34,144.92,BBDC4,A
1748000947,948,34,3,70.49,ITUB4,A
1748000948,949,40,92,151.81,PETR4,A
1748000949,950,40,92,189.77,ITUB4,A
1748000950,951,68,40,194.37,VALE3,A
1748000951,952,13,32,77.36,ITUB4,B
1748000952,953,27,92,156.53,ABEV3,A
1748000953,954,84,41,178.99,ITUB4,A
1748000954,955,11,86,68.86,ABEV3,B
1748000955,956,24,65,63.36,ITUB4,B
1748000956,957,50,74,192.35,PETR4,B
1748000957,958,77,10,71.83,ABEV3,A
1748000958,959,18,93,182.22,BBDC4,B
1748000959,960,40,90,121.95,ITUB4,B
1748000960,961,11,2,92.48,ITUB4,B
1748000961,962,38,13,156.86,BBDC4,A
1748000962,963,2,85,129.28,PETR4,A
1748000963,964,70,31,123.9,BBDC4,A
1748000964,965,48,54,165.24,BBDC4,A
1748000965,966,70,6,10.15,ITUB4,A
1748000966,967,8,30,172.71,VALE3,B
1748000967,968,57,70,149.57,ITUB4,A
1748000968,969,85,0,-1.0,BBDC4,B
1748000969,970,90,0,-1.0,ITUB4,A
1748000970,971,95,29,42.97,BBDC4,B
1748000971,972,33,90,120.13,VALE3,A
1748000972,973,79,43,68.1,ITUB4,A
1748000973,974,56,88,184.56,BBDC4,A
1748000974,975,25,62,163.58,ABEV3,B
1748000975,976,98,40,100.78,VALE3,B
1748000976,977,79,0,0.0,BBDC4,A
1748000977,978,16,23,167.09,ITUB4,A
1748000978,979,19,0,0.0,BBDC4,A
1748000979,980,73,81,39.91,ITUB4,B
1748000980,981,26,38,180.27,PETR4,A
1748000981,982,91,8,42.39,VALE3,A
1748000982,983,62,1,89.95,ITUB4,B
1748000983,984,97,-5,-1.0,PETR4,B
1748000984,985,33,0,-1.0,BBDC4,B
1748000985,986,71,100,20.85,ITUB4,B
1748000986,987,46,51,87.1,ITUB4,B
1748000987,988,92,78,149.93,PETR4,A
1748000988,989,76,57,72.14,BBDC4,A
1748000989,990,70,93,111.54,ABEV3,A
1748000990,991,52,38,104.48,ITUB4,A
1748000991,992,69,0,0.0,ITUB4,A
1748000992,993,65,36,135.47,VALE3,A
1748000993,994,19,9,170.65,BBDC4,A
1748000994,995,34,54,54.94,ITUB4,A
1748000995,996,10,14,122.73,BBDC4,A
1748000996,997,97,56,65.72,ITUB4,A
1748000997,998,28,95,162.51,BBDC4,A
1748000998,999,86,71,84.43,ITUB4,A
1748000999,1000,29,0,0.0,PETR4,B
