timestamp,order_id,client_id,quantity,price,symbol,side
1748000000,1,61,93,181.74,VALE3,B
1748000001,2,33,73,135.45,ABEV3,B
1748000002,3,38,-5,0.0,VALE3,A
1748000003,4,16,73,198.46,PETR4,A
1748000004,5,20,-5,-1.0,BBDC4,A
1748000005,6,47,3,69.92,ABEV3,A
1748000006,7,96,94,155.28,PETR4,A
1748000007,8,82,4,33.95,BBDC4,A
1748000008,9,54,6,45.66,ABEV3,B
1748000009,10,57,5,27.91,ITUB4,B
1748000010,11,2,91,59.2,ABEV3,A
1748000011,12,29,71,63.41,ABEV3,A
1748000012,13,27,85,70.27,PETR4,A
1748000013,14,31,62,40.89,BBDC4,A
1748000014,15,81,72,47.29,VALE3,B
1748000015,16,50,67,104.99,VALE3,A
1748000016,17,8,29,33.0,BBDC4,B
1748000017,18,3,56,173.05,ITUB4,B
1748000018,19,61,76,21.73,VALE3,B
1748000019,20,70,12,26.34,ABEV3,B
1748000020,21,29,-5,0.0,VALE3,B
1748000021,22,77,63,53.17,PETR4,A
1748000022,23,37,11,13.71,ABEV3,A
1748000023,24,3,65,93.77,ABEV3,B
1748000024,25,48,22,189.89,ITUB4,B
1748000025,26,88,24,198.78,PETR4,B
1748000026,27,99,83,169.82,BBDC4,A
1748000027,28,40,67,108.76,ABEV3,A
1748000028,29,99,49,99.19,VALE3,A
1748000029,30,24,24,31.06,ABEV3,A
1748000030,31,73,95,148.93,PETR4,B
1748000031,32,17,51,156.91,ABEV3,B
1748000032,33,2,36,45.62,PETR4,A
1748000033,34,96,72,195.84,ABEV3,B
1748000034,35,25,57,24.23,ITUB4,B
1748000035,36,59,24,192.41,ABEV3,A
1748000036,37,61,87,57.63,PETR4,A
1748000037,38,32,14,133.08,VALE3,A
1748000038,39,19,64,154.23,ABEV3,A
1748000039,40,5,31,73.91,BBDC4,A
1748000040,41,4,91,55.29,VALE3,A
1748000041,42,78,31,127.27,PETR4,B
1748000042,43,100,77,175.75,BBDC4,B
1748000043,44,81,47,87.77,ITUB4,A
1748000044,45,49,63,154.84,ITUB4,B
1748000045,46,55,86,82.69,VALE3,B
1748000046,47,89,74,63.68,VALE3,A
1748000047,48,15,47,130.61,PETR4,B
1748000048,49,83,89,40.85,ABEV3,A
1748000049,50,56,67,37.3,PETR4,A
1748000050,51,52,-5,-1.0,PETR4,B
1748000051,52,14,42,13.89,ITUB4,A
1748000052,53,75,59,108.21,BBDC4,B
1748000053,54,41,11,163.94,BBDC4,B
1748000054,55,47,45,119.33,PETR4,A
1748000055,56,73,82,67.12,PETR4,B
1748000056,57,26,55,160.89,ABEV3,A
1748000057,58,97,23,61.08,ITUB4,B
1748000058,59,2,67,112.25,PETR4,B
1748000059,60,40,88,79.48,VALE3,A
1748000060,61,72,20,103.02,BBDC4,A
1748000061,62,62,44,22.73,BBDC4,B
1748000062,63,51,69,184.89,BBDC4,A
1748000063,64,21,83,182.61,VALE3,A
1748000064,65,37,67,160.51,BBDC4,B
1748000065,66,31,35,101.44,VALE3,B
1748000066,67,6,23,85.64,ITUB4,B
1748000067,68,59,69,122.51,VALE3,B
1748000068,69,40,33,146.91,ITUB4,A
1748000069,70,74,84,112.02,ITUB4,A
1748000070,71,45,17,43.33,BBDC4,A
1748000071,72,57,1,149.77,VALE3,B
1748000072,73,70,70,139.58,BBDC4,B
1748000073,74,41,23,83.73,PETR4,B
1748000074,75,53,32,183.0,ABEV3,B
1748000075,76,16,52,51.04,PETR4,B
1748000076,77,45,34,25.85,ITUB4,A
1748000077,78,8,-5,0.0,BBDC4,B
1748000078,79,43,71,104.27,VALE3,A
1748000079,80,86,4,102.15,BBDC4,A
1748000080,81,64,94,67.12,ABEV3,A
1748000081,82,75,55,33.49,BBDC4,A
1748000082,83,24,41,180.06,ABEV3,B
1748000083,84,51,83,21.83,ABEV3,B
1748000084,85,71,14,46.45,BBDC4,B
1748000085,86,8,41,91.84,BBDC4,B
1748000086,87,49,1,124.69,ITUB4,B
1748000087,88,87,13,134.41,ABEV3,A
1748000088,89,66,1,148.56,ABEV3,A
1748000089,90,77,69,128.22,ITUB4,B
1748000090,91,66,70,195.62,ABEV3,A
1748000091,92,22,20,20.16,BBDC4,B
1748000092,93,46,92,106.79,ABEV3,B
1748000093,94,32,55,192.9,BBDC4,A
1748000094,95,50,19,40.33,ITUB4,B
1748000095,96,59,17,28.16,PETR4,A
1748000096,97,92,35,148.05,PETR4,A
1748000097,98,61,99,79.91,BBDC4,A
1748000098,99,64,36,107.38,BBDC4,A
1748000099,100,2,58,61.6,VALE3,B
1748000100,101,48,8,169.29,ABEV3,B
1748000101,102,52,80,22.41,ABEV3,A
1748000102,103,45,94,176.21,BBDC4,B
1748000103,104,17,18,137.66,BBDC4,A
1748000104,105,87,3,171.25,PETR4,A
1748000105,106,26,96,63.28,PETR4,B
1748000106,107,55,63,168.63,ITUB4,A
1748000107,108,33,-5,-1.0,ITUB4,A
1748000108,109,35,72,65.91,ABEV3,A
1748000109,110,20,18,125.73,VALE3,A
1748000110,111,49,16,57.04,ABEV3,B
1748000111,112,70,71,199.67,VALE3,A
1748000112,113,86,75,174.48,VALE3,B
1748000113,114,54,28,195.4,PETR4,A
1748000114,115,82,91,93.8,ABEV3,B
1748000115,116,72,60,103.55,ABEV3,A
1748000116,117,36,12,176.7,BBDC4,B
1748000117,118,87,43,58.67,VALE3,A
1748000118,119,60,0,-1.0,ABEV3,A
1748000119,120,32,100,148.52,VALE3,B
1748000120,121,37,64,152.78,VALE3,A
1748000121,122,6,55,142.58,BBDC4,B
1748000122,123,87,90,164.03,PETR4,A
1748000123,124,73,59,76.51,PETR4,A
1748000124,125,92,21,151.74,BBDC4,B
1748000125,126,59,92,176.12,ITUB4,A
1748000126,127,74,59,179.27,BBDC4,A
1748000127,128,4,14,59.01,ITUB4,B
1748000128,129,87,96,151.36,PETR4,A
1748000129,130,46,82,34.58,ITUB4,A
1748000130,131,62,35,195.6,ITUB4,A
1748000131,132,91,59,122.27,ABEV3,B
1748000132,133,83,17,92.95,PETR4,A
1748000133,134,6,66,141.81,VALE3,A
1748000134,135,100,31,178.41,PETR4,B
1748000135,136,56,87,63.47,BBDC4,B
1748000136,137,30,44,185.14,ITUB4,B
1748000137,138,79,25,48.82,ITUB4,A
1748000138,139,90,1,14.89,ITUB4,B
1748000139,140,76,17,68.08,PETR4,B
1748000140,141,71,75,20.41,PETR4,B
1748000141,142,15,60,44.13,ITUB4,B
1748000142,143,84,54,85.11,BBDC4,A
1748000143,144,50,36,49.22,PETR4,A
1748000144,145,44,5,82.46,PETR4,A
1748000145,146,11,63,96.46,PETR4,A
1748000146,147,22,52,166.88,VALE3,A
1748000147,148,41,86,43.89,BBDC4,B
1748000148,149,35,40,73.84,VALE3,B
1748000149,150,21,9,52.97,PETR4,B
1748000150,151,59,6,33.35,ABEV3,A
1748000151,152,66,-5,-1.0,ABEV3,A
1748000152,153,31,91,136.8,ABEV3,A
1748000153,154,15,73,147.26,BBDC4,A
1748000154,155,62,45,129.08,ABEV3,A
1748000155,156,59,99,73.65,PETR4,B
1748000156,157,69,32,125.58,PETR4,A
1748000157,158,9,40,181.23,PETR4,A
1748000158,159,33,7,129.57,ABEV3,B
1748000159,160,58,-5,0.0,BBDC4,A
1748000160,161,51,100,95.83,PETR4,B
1748000161,162,34,31,55.32,PETR4,B
1748000162,163,89,68,187.5,ABEV3,B
1748000163,164,77,96,156.33,PETR4,A
1748000164,165,88,69,149.16,BBDC4,A
1748000165,166,28,52,172.83,BBDC4,A
1748000166,167,48,34,169.32,ITUB4,B
1748000167,168,24,54,126.52,VALE3,B
1748000168,169,99,47,89.39,BBDC4,B
1748000169,170,85,45,101.9,PETR4,A
1748000170,171,39,8,19.1,ABEV3,A
1748000171,172,44,12,21.67,PETR4,A
1748000172,173,81,1,40.03,VALE3,A
1748000173,174,11,65,145.6,VALE3,B
1748000174,175,86,13,181.25,PETR4,A
1748000175,176,53,49,145.21,ABEV3,B
1748000176,177,20,23,12.27,ITUB4,B
1748000177,178,35,66,96.68,PETR4,A
1748000178,179,61,41,128.13,ITUB4,B
1748000179,180,78,-5,-1.0,ABEV3,B
1748000180,181,56,93,140.39,VALE3,B
1748000181,182,14,30,83.85,ABEV3,B
1748000182,183,80,8,133.77,VALE3,B
1748000183,184,93,34,10.77,ITUB4,B
1748000184,185,16,68,126.14,ABEV3,A
1748000185,186,29,13,23.29,ITUB4,B
1748000186,187,61,30,57.17,VALE3,A
1748000187,188,73,91,176.06,ABEV3,A
1748000188,189,99,14,153.48,BBDC4,B
1748000189,190,50,85,184.27,ABEV3,B
1748000190,191,66,20,131.91,ITUB4,A
1748000191,192,8,96,150.29,VALE3,A
1748000192,193,44,11,138.97,ITUB4,B
1748000193,194,36,19,127.71,VALE3,A
1748000194,195,100,54,10.88,ABEV3,B
1748000195,196,93,89,54.37,BBDC4,B
1748000196,197,90,39,148.28,ABEV3,A
1748000197,198,49,63,47.46,ABEV3,B
1748000198,199,9,44,36.98,VALE3,A
1748000199,200,9,85,111.92,BBDC4,B
1748000200,201,65,4,186.12,ITUB4,A
1748000201,202,84,50,181.46,VALE3,B
1748000202,203,49,71,186.39,ITUB4,B
1748000203,204,71,48,66.91,PETR4,A
1748000204,205,84,69,179.54,ABEV3,A
1748000205,206,82,32,59.34,VALE3,A
1748000206,207,93,90,128.88,ITUB4,B
1748000207,208,33,46,144.13,PETR4,B
1748000208,209,80,51,41.62,PETR4,B
1748000209,210,13,24,22.43,ABEV3,B
1748000210,211,44,8,138.43,BBDC4,B
1748000211,212,17,59,80.31,PETR4,B
1748000212,213,100,39,36.53,PETR4,A
1748000213,214,12,89,22.81,BBDC4,A
1748000214,215,72,37,115.73,BBDC4,A
1748000215,216,66,42,102.42,BBDC4,A
1748000216,217,6,88,107.88,BBDC4,A
1748000217,218,45,89,50.76,VALE3,B
1748000218,219,5,12,134.71,PETR4,A
1748000219,220,2,16,112.67,ABEV3,B
1748000220,221,60,42,77.94,BBDC4,B
1748000221,222,57,8,128.83,ABEV3,B
1748000222,223,91,42,71.37,ITUB4,A
1748000223,224,46,0,0.0,BBDC4,A
1748000224,225,55,-5,-1.0,PETR4,B
1748000225,226,13,78,117.03,BBDC4,B
1748000226,227,51,79,190.0,VALE3,B
1748000227,228,49,50,111.34,BBDC4,B
1748000228,229,52,49,164.51,ITUB4,B
1748000229,230,35,4,11.67,ITUB4,B
1748000230,231,35,81,101.32,ABEV3,A
1748000231,232,44,7,197.55,ITUB4,A
1748000232,233,45,34,78.87,VALE3,A
1748000233,234,64,79,60.14,ITUB4,A
1748000234,235,63,-5,0.0,ABEV3,A
1748000235,236,66,40,106.86,VALE3,A
1748000236,237,92,23,101.42,BBDC4,A
1748000237,238,71,44,33.77,BBDC4,B
1748000238,239,26,-5,0.0,ABEV3,A
1748000239,240,30,50,83.09,VALE3,A
1748000240,241,98,73,155.32,PETR4,A
1748000241,242,84,51,95.91,ABEV3,A
1748000242,243,56,50,81.65,BBDC4,B
1748000243,244,82,44,194.36,ABEV3,A
1748000244,245,56,64,146.04,PETR4,A
1748000245,246,85,76,160.98,PETR4,A
1748000246,247,17,37,15.36,BBDC4,B
1748000247,248,67,21,31.3,ITUB4,A
1748000248,249,55,55,27.05,PETR4,A
1748000249,250,37,0,0.0,ABEV3,B
1748000250,251,55,2,145.23,BBDC4,B
1748000251,252,14,2,167.46,VALE3,B
1748000252,253,17,88,20.33,ITUB4,B
1748000253,254,77,85,160.4,VALE3,B
1748000254,255,53,70,16.85,ABEV3,A
1748000255,256,2,26,88.22,ABEV3,B
1748000256,257,29,23,33.63,ABEV3,A
1748000257,258,34,66,159.83,ABEV3,B
1748000258,259,25,82,67.42,PETR4,B
1748000259,260,96,86,15.75,ITUB4,A
1748000260,261,96,84,10.83,ABEV3,A
1748000261,262,33,67,172.51,VALE3,B
1748000262,263,90,13,190.58,ITUB4,A
1748000263,264,59,90,172.22,ABEV3,A
1748000264,265,77,21,146.22,ABEV3,A
1748000265,266,29,59,112.62,ABEV3,B
1748000266,267,8,82,122.4,VALE3,A
1748000267,268,7,7,171.8,PETR4,B
1748000268,269,86,26,15.94,ABEV3,A
1748000269,270,90,85,67.91,PETR4,B
1748000270,271,30,91,86.19,PETR4,B
1748000271,272,21,59,63.9,ITUB4,A
1748000272,273,74,63,108.64,VALE3,B
1748000273,274,31,38,93.83,BBDC4,B
1748000274,275,26,37,22.64,ABEV3,A
1748000275,276,45,11,32.14,PETR4,A
1748000276,277,2,9,166.75,ITUB4,A
1748000277,278,40,55,198.61,BBDC4,A
1748000278,279,84,45,69.85,PETR4,A
1748000279,280,86,5,149.85,ITUB4,B
1748000280,281,16,0,-1.0,ITUB4,A
1748000281,282,56,52,124.96,PETR4,A
1748000282,283,26,11,191.14,ABEV3,B
1748000283,284,17,16,67.71,PETR4,A
1748000284,285,35,27,21.62,ABEV3,B
1748000285,286,2,12,58.19,BBDC4,B
1748000286,287,100,9,29.47,VALE3,A
1748000287,288,27,88,165.07,VALE3,A
1748000288,289,45,82,152.69,ITUB4,B
1748000289,290,64,55,160.13,PETR4,B
1748000290,291,46,96,88.44,VALE3,B
1748000291,292,28,69,117.03,VALE3,B
1748000292,293,28,84,119.43,VALE3,B
1748000293,294,89,38,179.21,BBDC4,B
1748000294,295,43,41,150.91,VALE3,A
1748000295,296,52,7,152.02,VALE3,B
1748000296,297,65,42,183.91,BBDC4,A
1748000297,298,76,99,98.18,ABEV3,A
1748000298,299,77,70,18.35,PETR4,B
1748000299,300,13,45,107.16,BBDC4,B
1748000300,301,22,52,115.26,BBDC4,A
1748000301,302,94,76,33.39,BBDC4,B
1748000302,303,12,56,109.15,BBDC4,B
1748000303,304,17,24,158.21,ABEV3,A
1748000304,305,21,95,46.56,VALE3,B
1748000305,306,9,35,120.32,BBDC4,B
1748000306,307,47,3,100.05,ITUB4,B
1748000307,308,61,43,129.23,PETR4,B
1748000308,309,63,74,45.07,ABEV3,A
1748000309,310,78,32,64.23,BBDC4,B
1748000310,311,1,1,170.82,ABEV3,B
1748000311,312,100,49,161.51,ITUB4,B
1748000312,313,41,90,130.53,VALE3,B
1748000313,314,100,44,116.52,PETR4,B
1748000314,315,99,63,173.67,PETR4,B
1748000315,316,42,50,29.32,BBDC4,B
1748000316,317,15,43,13.97,VALE3,B
1748000317,318,64,0,-1.0,PETR4,A
1748000318,319,56,92,63.11,ITUB4,B
1748000319,320,8,22,115.44,ITUB4,B
1748000320,321,31,31,26.03,BBDC4,A
1748000321,322,72,59,195.57,VALE3,B
1748000322,323,56,78,66.48,PETR4,A
1748000323,324,84,1,129.83,VALE3,B
1748000324,325,9,37,75.42,PETR4,B
1748000325,326,57,45,197.76,VALE3,B
1748000326,327,63,18,86.07,PETR4,B
1748000327,328,43,52,120.05,PETR4,A
1748000328,329,43,28,180.8,PETR4,A
1748000329,330,11,76,91.66,PETR4,A
1748000330,331,4,13,91.05,ITUB4,A
1748000331,332,73,25,47.38,PETR4,A
1748000332,333,34,84,194.95,ITUB4,A
1748000333,334,59,78,107.88,PETR4,B
1748000334,335,19,0,-1.0,PETR4,B
1748000335,336,71,54,113.76,ABEV3,B
1748000336,337,77,45,132.99,ITUB4,B
1748000337,338,15,71,95.94,ITUB4,B
1748000338,339,94,7,56.97,BBDC4,B
1748000339,340,83,47,93.79,ITUB4,A
1748000340,341,41,53,20.44,ITUB4,B
1748000341,342,4,47,103.77,BBDC4,A
1748000342,343,65,46,38.6,ABEV3,A
1748000343,344,41,74,176.95,ABEV3,A
1748000344,345,65,35,34.41,ITUB4,B
1748000345,346,74,73,72.08,VALE3,A
1748000346,347,20,0,0.0,PETR4,B
1748000347,348,64,68,33.35,ITUB4,B
1748000348,349,96,80,22.97,VALE3,B
1748000349,350,74,73,87.45,BBDC4,B
1748000350,351,45,54,86.55,PETR4,A
1748000351,352,83,96,159.82,ITUB4,B
1748000352,353,52,77,65.32,PETR4,B
1748000353,354,14,40,96.43,ITUB4,A
1748000354,355,78,57,197.51,PETR4,A
1748000355,356,19,16,58.31,BBDC4,B
1748000356,357,57,33,192.92,BBDC4,B
1748000357,358,44,8,100.04,PETR4,B
1748000358,359,15,18,40.86,VALE3,A
1748000359,360,18,0,0.0,VALE3,A
1748000360,361,14,16,155.36,ABEV3,A
1748000361,362,83,26,40.24,ITUB4,A
1748000362,363,86,12,195.18,ABEV3,B
1748000363,364,84,95,78.38,BBDC4,B
1748000364,365,75,26,112.38,VALE3,B
1748000365,366,13,14,120.26,ITUB4,A
1748000366,367,13,54,107.42,ITUB4,B
1748000367,368,69,62,108.09,VALE3,B
1748000368,369,32,38,190.55,BBDC4,B
1748000369,370,54,2,144.75,ABEV3,A
1748000370,371,21,50,190.7,BBDC4,B
1748000371,372,87,40,167.21,ITUB4,B
1748000372,373,30,16,20.09,ITUB4,A
1748000373,374,85,48,195.71,ITUB4,A
1748000374,375,81,22,177.97,BBDC4,A
1748000375,376,93,45,102.27,BBDC4,B
1748000376,377,50,28,143.47,ABEV3,B
1748000377,378,2,0,0.0,ABEV3,B
1748000378,379,99,7,42.16,VALE3,B
1748000379,380,11,65,14.07,PETR4,B
1748000380,381,5,44,18.85,ITUB4,A
1748000381,382,15,19,164.65,VALE3,A
1748000382,383,34,81,165.19,ITUB4,A
1748000383,384,72,12,152.98,ITUB4,A
1748000384,385,32,92,166.67,ABEV3,B
1748000385,386,4,17,177.4,PETR4,B
1748000386,387,53,21,126.72,BBDC4,A
1748000387,388,89,28,104.22,VALE3,A
1748000388,389,56,48,64.19,ABEV3,B
1748000389,390,16,49,149.43,BBDC4,A
1748000390,391,39,-5,0.0,VALE3,B
1748000391,392,8,67,93.7,BBDC4,B
1748000392,393,96,98,55.41,PETR4,B
1748000393,394,32,49,24.32,BBDC4,B
1748000394,395,53,92,197.91,VALE3,A
1748000395,396,83,0,0.0,ABEV3,B
1748000396,397,49,52,176.2,BBDC4,B
1748000397,398,53,51,189.47,ABEV3,A
1748000398,399,77,85,166.28,PETR4,B
1748000399,400,88,48,69.83,ITUB4,A
1748000400,401,36,35,23.3,BBDC4,A
1748000401,402,51,63,120.37,ITUB4,B
1748000402,403,23,12,172.84,BBDC4,B
1748000403,404,98,94,115.69,ITUB4,B
1748000404,405,15,89,67.77,VALE3,A
1748000405,406,77,30,71.33,PETR4,B
1748000406,407,20,62,132.57,VALE3,A
1748000407,408,3,31,161.72,VALE3,A
1748000408,409,45,0,-1.0,ABEV3,B
1748000409,410,45,81,166.03,ITUB4,A
1748000410,411,32,96,148.46,VALE3,B
1748000411,412,13,34,167.14,ITUB4,A
1748000412,413,53,53,95.82,ABEV3,A
1748000413,414,7,74,111.61,BBDC4,A
1748000414,415,26,98,65.55,BBDC4,B
1748000415,416,77,99,141.08,ITUB4,B
1748000416,417,15,58,70.66,ABEV3,B
1748000417,418,85,72,59.72,VALE3,A
1748000418,419,70,25,58.2,ITUB4,A
1748000419,420,67,35,175.87,ITUB4,A
1748000420,421,24,52,144.58,ABEV3,B
1748000421,422,91,92,144.83,BBDC4,A
1748000422,423,19,17,76.64,PETR4,A
1748000423,424,77,49,75.16,ITUB4,A
1748000424,425,55,14,33.98,ABEV3,B
1748000425,426,91,42,123.05,BBDC4,B
1748000426,427,11,93,165.01,BBDC4,A
1748000427,428,39,70,101.15,BBDC4,A
1748000428,429,28,22,45.13,ITUB4,A
1748000429,430,73,84,43.99,PETR4,B
1748000430,431,96,31,116.92,ITUB4,B
1748000431,432,26,8,186.85,ITUB4,B
1748000432,433,21,23,58.58,ITUB4,A
1748000433,434,89,6,13.58,VALE3,A
1748000434,435,27,52,90.5,ABEV3,A
1748000435,436,22,48,13.58,ABEV3,A
1748000436,437,53,61,177.18,PETR4,A
1748000437,438,37,51,50.87,ABEV3,B
1748000438,439,34,52,173.65,PETR4,A
1748000439,440,76,87,126.53,ITUB4,A
1748000440,441,8,24,195.19,VALE3,A
1748000441,442,86,0,0.0,ITUB4,A
1748000442,443,26,60,166.38,BBDC4,B
1748000443,444,52,15,185.21,ITUB4,A
1748000444,445,48,35,118.58,BBDC4,A
1748000445,446,95,6,94.34,ITUB4,A
1748000446,447,14,77,42.28,ABEV3,A
1748000447,448,25,40,142.51,ABEV3,A
1748000448,449,29,84,33.37,VALE3,B
1748000449,450,32,7,101.27,ABEV3,A
1748000450,451,64,0,0.0,PETR4,A
1748000451,452,58,24,54.27,ABEV3,A
1748000452,453,17,66,165.68,PETR4,A
1748000453,454,66,6,184.78,VALE3,B
1748000454,455,19,94,82.96,ABEV3,B
1748000455,456,70,59,184.25,VALE3,B
1748000456,457,78,49,194.71,VALE3,B
1748000457,458,27,64,152.46,PETR4,A
1748000458,459,89,51,101.68,ABEV3,A
1748000459,460,98,54,85.49,ABEV3,A
1748000460,461,98,25,45.91,PETR4,A
1748000461,462,16,60,148.35,ITUB4,A
1748000462,463,11,10,67.22,PETR4,A
1748000463,464,26,69,100.22,ABEV3,B
1748000464,465,69,8,83.82,VALE3,B
1748000465,466,90,63,22.39,VALE3,A
1748000466,467,98,98,54.0,VALE3,A
1748000467,468,70,80,59.72,ITUB4,B
1748000468,469,67,6,97.1,ABEV3,B
1748000469,470,55,26,174.42,VALE3,B
1748000470,471,36,57,133.46,ABEV3,A
1748000471,472,37,59,160.05,ABEV3,A
1748000472,473,30,42,28.74,VALE3,A
1748000473,474,69,66,23.48,ITUB4,A
1748000474,475,52,98,53.56,BBDC4,B
1748000475,476,29,91,96.78,PETR4,A
1748000476,477,13,12,68.24,BBDC4,B
1748000477,478,20,69,174.29,BBDC4,A
1748000478,479,35,2,198.65,ITUB4,A
1748000479,480,49,97,144.05,PETR4,A
1748000480,481,77,42,99.32,ITUB4,A
1748000481,482,100,82,97.88,PETR4,A
1748000482,483,23,85,81.21,BBDC4,B
1748000483,484,69,69,86.77,PETR4,B
1748000484,485,13,89,30.52,ABEV3,A
1748000485,486,50,23,85.61,PETR4,A
1748000486,487,86,46,95.26,ITUB4,B
1748000487,488,58,6,12.47,ABEV3,A
1748000488,489,5,90,107.68,VALE3,B
1748000489,490,20,100,12.95,PETR4,A
1748000490,491,59,19,94.77,ABEV3,A
1748000491,492,47,65,94.3,VALE3,B
1748000492,493,64,51,88.26,VALE3,B
1748000493,494,22,3,179.59,ITUB4,B
1748000494,495,77,52,68.07,ABEV3,B
1748000495,496,17,48,69.55,ITUB4,B
1748000496,497,11,30,75.98,BBDC4,A
1748000497,498,70,6,57.38,VALE3,B
1748000498,499,34,30,149.64,VALE3,A
1748000499,500,93,31,102.19,BBDC4,A
1748000500,501,49,57,147.2,VALE3,A
1748000501,502,26,40,47.58,BBDC4,A
1748000502,503,78,59,195.89,BBDC4,A
1748000503,504,64,26,155.82,ITUB4,B
1748000504,505,86,26,69.86,ABEV3,B
1748000505,506,67,27,136.23,ITUB4,A
1748000506,507,34,44,134.39,BBDC4,A
1748000507,508,64,78,64.4,PETR4,A
1748000508,509,75,59,90.66,ABEV3,B
1748000509,510,90,75,193.81,VALE3,A
1748000510,511,15,6,110.12,PETR4,A
1748000511,512,40,65,50.18,VALE3,B
1748000512,513,55,68,151.25,ABEV3,B
1748000513,514,10,73,37.68,ABEV3,B
1748000514,515,100,82,46.37,BBDC4,A
1748000515,516,48,39,111.11,PETR4,A
1748000516,517,27,38,158.33,PETR4,B
1748000517,518,61,80,75.37,BBDC4,A
1748000518,519,55,88,75.41,PETR4,B
1748000519,520,35,35,98.26,BBDC4,B
1748000520,521,65,63,175.56,PETR4,A
1748000521,522,7,37,137.43,ABEV3,B
1748000522,523,13,-5,0.0,ABEV3,B
1748000523,524,12,35,158.24,PETR4,B
1748000524,525,41,42,35.46,BBDC4,A
1748000525,526,4,76,192.36,PETR4,A
1748000526,527,20,85,167.84,VALE3,A
1748000527,528,85,50,197.33,ABEV3,A
1748000528,529,90,0,0.0,ITUB4,A
1748000529,530,65,94,110.8,ITUB4,A
1748000530,531,62,23,195.82,VALE3,B
1748000531,532,61,100,122.71,PETR4,B
1748000532,533,42,15,87.39,ABEV3,B
1748000533,534,35,93,115.31,BBDC4,B
1748000534,535,84,93,35.04,BBDC4,B
1748000535,536,98,20,85.58,ABEV3,A
1748000536,537,68,-5,-1.0,BBDC4,B
1748000537,538,62,74,63.4,ABEV3,A
1748000538,539,21,100,160.2,ABEV3,B
1748000539,540,79,45,151.2,ITUB4,B
1748000540,541,38,87,16.68,PETR4,A
1748000541,542,62,24,104.01,PETR4,A
1748000542,543,46,93,62.31,PETR4,A
1748000543,544,36,34,188.56,VALE3,B
1748000544,545,4,20,82.89,BBDC4,A
1748000545,546,36,30,165.29,VALE3,B
1748000546,547,48,33,146.19,VALE3,B
1748000547,548,21,50,197.23,ITUB4,B
1748000548,549,33,75,63.05,ABEV3,A
1748000549,550,60,32,190.62,VALE3,A
1748000550,551,79,28,73.6,ABEV3,A
1748000551,552,47,4,96.73,VALE3,B
1748000552,553,58,7,141.8,ITUB4,B
1748000553,554,47,85,13.58,VALE3,B
1748000554,555,2,15,168.55,ITUB4,A
1748000555,556,10,26,188.11,VALE3,B
1748000556,557,24,98,185.11,ABEV3,A
1748000557,558,91,32,57.98,VALE3,A
1748000558,559,39,16,81.97,ABEV3,B
1748000559,560,49,90,78.48,ABEV3,A
1748000560,561,42,12,140.61,VALE3,A
1748000561,562,38,36,169.62,ABEV3,A
1748000562,563,58,41,130.42,VALE3,B
1748000563,564,78,75,67.98,VALE3,B
1748000564,565,99,81,112.54,ABEV3,B
1748000565,566,91,68,146.5,PETR4,B
1748000566,567,6,70,140.93,ITUB4,B
1748000567,568,7,39,17.93,BBDC4,B
1748000568,569,50,26,145.97,ITUB4,B
1748000569,570,65,58,40.66,VALE3,B
1748000570,571,87,93,42.08,VALE3,B
1748000571,572,15,97,130.74,PETR4,A
1748000572,573,88,34,153.41,VALE3,B
1748000573,574,87,76,73.99,ABEV3,B
1748000574,575,71,69,174.28,PETR4,B
1748000575,576,35,11,177.78,ITUB4,A
1748000576,577,82,26,93.91,PETR4,A
1748000577,578,85,83,91.34,BBDC4,A
1748000578,579,40,82,28.54,VALE3,B
1748000579,580,73,35,142.24,PETR4,B
1748000580,581,45,51,113.97,BBDC4,A
1748000581,582,57,97,157.82,BBDC4,A
1748000582,583,3,76,102.43,BBDC4,A
1748000583,584,79,4,92.26,PETR4,A
1748000584,585,18,87,124.67,PETR4,B
1748000585,586,89,69,107.06,VALE3,B
1748000586,587,26,39,109.71,ABEV3,A
1748000587,588,81,98,86.43,ITUB4,A
1748000588,589,50,38,57.37,PETR4,A
1748000589,590,88,62,22.47,ABEV3,A
1748000590,591,100,89,82.77,BBDC4,A
1748000591,592,97,6,155.15,BBDC4,A
1748000592,593,75,72,78.59,ABEV3,A
1748000593,594,69,55,97.02,BBDC4,A
1748000594,595,39,-5,0.0,PETR4,B
1748000595,596,31,18,128.78,ABEV3,A
1748000596,597,54,94,11.03,BBDC4,B
1748000597,598,51,79,170.75,PETR4,B
1748000598,599,11,77,124.1,PETR4,A
1748000599,600,77,1,138.46,ITUB4,B
1748000600,601,46,61,173.76,ITUB4,A
1748000601,602,67,0,0.0,PETR4,A
1748000602,603,43,73,198.38,PETR4,A
1748000603,604,53,85,72.03,VALE3,B
1748000604,605,72,51,153.22,ABEV3,A
1748000605,606,63,61,147.83,VALE3,A
1748000606,607,23,66,103.23,ABEV3,B
1748000607,608,23,66,191.46,VALE3,A
1748000608,609,21,82,40.86,ABEV3,B
1748000609,610,81,24,32.2,ITUB4,A
1748000610,611,32,13,23.86,ITUB4,B
1748000611,612,36,86,153.45,ABEV3,A
1748000612,613,9,87,41.03,VALE3,A
1748000613,614,57,34,41.62,VALE3,B
1748000614,615,78,94,93.39,BBDC4,B
1748000615,616,78,82,67.96,VALE3,B
1748000616,617,23,80,66.54,PETR4,A
1748000617,618,98,44,36.93,ITUB4,B
1748000618,619,31,41,33.63,BBDC4,A
1748000619,620,86,7,107.95,VALE3,A
1748000620,621,44,89,109.4,ABEV3,B
1748000621,622,70,10,64.4,ABEV3,B
1748000622,623,2,21,29.23,PETR4,B
1748000623,624,68,91,62.85,ABEV3,A
1748000624,625,16,65,125.28,ITUB4,B
1748000625,626,7,99,42.02,ABEV3,B
1748000626,627,67,45,82.33,PETR4,A
1748000627,628,88,-5,-1.0,BBDC4,A
1748000628,629,88,45,158.73,PETR4,A
1748000629,630,59,35,85.85,ABEV3,B
1748000630,631,22,84,84.68,ABEV3,B
1748000631,632,73,19,51.63,PETR4,B
1748000632,633,30,96,37.45,VALE3,B
1748000633,634,98,70,77.35,ABEV3,A
1748000634,635,84,6,110.77,ITUB4,B
1748000635,636,36,9,83.08,ABEV3,B
1748000636,637,43,37,108.58,VALE3,B
1748000637,638,100,27,78.39,ABEV3,A
1748000638,639,51,74,37.46,PETR4,A
1748000639,640,56,75,15.02,PETR4,A
1748000640,641,97,78,74.62,ITUB4,A
1748000641,642,99,53,171.12,ITUB4,A
1748000642,643,83,58,21.87,ITUB4,B
1748000643,644,29,18,62.92,ITUB4,A
1748000644,645,10,86,108.41,ITUB4,B
1748000645,646,19,41,112.39,VALE3,A
1748000646,647,38,42,21.99,VALE3,A
1748000647,648,15,44,123.03,VALE3,B
1748000648,649,92,39,69.93,PETR4,A
1748000649,650,36,17,151.11,ABEV3,B
1748000650,651,100,64,164.16,BBDC4,B
1748000651,652,6,79,21.87,VALE3,A
1748000652,653,5,88,54.53,PETR4,A
1748000653,654,90,85,140.33,ITUB4,A
1748000654,655,81,53,152.87,BBDC4,A
1748000655,656,32,27,63.06,ITUB4,B
1748000656,657,50,12,156.41,ITUB4,B
1748000657,658,40,54,48.72,ITUB4,B
1748000658,659,97,68,19.93,VALE3,B
1748000659,660,61,9,183.61,ITUB4,B
1748000660,661,98,48,184.67,PETR4,B
1748000661,662,98,35,36.76,ITUB4,B
1748000662,663,37,91,123.4,BBDC4,A
1748000663,664,17,43,87.87,ITUB4,B
1748000664,665,15,50,144.73,ABEV3,B
1748000665,666,9,36,24.1,PETR4,B
1748000666,667,46,40,81.31,PETR4,A
1748000667,668,70,57,146.85,ITUB4,B
1748000668,669,90,33,115.75,ABEV3,A
1748000669,670,66,0,0.0,BBDC4,A
1748000670,671,45,35,93.62,VALE3,A
1748000671,672,18,84,189.75,PETR4,A
1748000672,673,75,85,165.57,ITUB4,B
1748000673,674,12,48,67.57,ABEV3,A
1748000674,675,13,15,34.41,PETR4,A
1748000675,676,96,35,45.5,ITUB4,A
1748000676,677,74,23,91.07,PETR4,A
1748000677,678,3,93,67.42,ABEV3,B
1748000678,679,44,16,131.17,VALE3,A
1748000679,680,30,64,121.34,BBDC4,A
1748000680,681,49,1,50.66,ABEV3,A
1748000681,682,2,60,100.45,BBDC4,B
1748000682,683,94,13,110.53,VALE3,A
1748000683,684,48,18,110.01,ABEV3,A
1748000684,685,78,8,12.5,PETR4,B
1748000685,686,84,48,113.09,ABEV3,A
1748000686,687,82,0,0.0,PETR4,A
1748000687,688,58,44,69.82,VALE3,A
1748000688,689,56,34,143.96,BBDC4,A
1748000689,690,20,97,62.04,ABEV3,B
1748000690,691,40,36,16.2,ITUB4,B
1748000691,692,92,2,164.94,BBDC4,B
1748000692,693,78,1,129.4,ITUB4,A
1748000693,694,4,73,161.04,ABEV3,A
1748000694,695,99,5,70.11,PETR4,A
1748000695,696,29,87,80.91,VALE3,B
1748000696,697,86,0,0.0,ABEV3,B
1748000697,698,60,94,68.2,VALE3,B
1748000698,699,69,28,127.17,VALE3,A
1748000699,700,75,22,143.33,BBDC4,A
1748000700,701,24,3,165.97,VALE3,A
1748000701,702,65,19,155.93,PETR4,B
1748000702,703,50,92,17.01,ABEV3,A
1748000703,704,44,55,168.67,VALE3,A
1748000704,705,53,65,131.45,PETR4,B
1748000705,706,96,71,98.21,PETR4,B
1748000706,707,4,21,17.52,ABEV3,B
1748000707,708,29,34,62.0,PETR4,A
1748000708,709,61,31,187.98,ITUB4,A
1748000709,710,57,64,198.64,BBDC4,B
1748000710,711,26,17,88.97,BBDC4,B
1748000711,712,66,38,49.62,ABEV3,A
1748000712,713,39,59,175.47,ITUB4,A
1748000713,714,83,30,12.08,PETR4,B
1748000714,715,82,27,160.02,ITUB4,A
1748000715,716,50,76,11.97,ABEV3,B
1748000716,717,38,21,144.77,PETR4,A
1748000717,718,37,14,144.01,PETR4,A
1748000718,719,8,22,96.54,PETR4,A
1748000719,720,34,100,143.35,ABEV3,B
1748000720,721,46,72,172.05,ABEV3,A
1748000721,722,68,25,148.36,ABEV3,B
1748000722,723,66,46,183.3,BBDC4,A
1748000723,724,36,34,115.36,ITUB4,A
1748000724,725,64,4,151.76,PETR4,A
1748000725,726,6,-5,0.0,BBDC4,B
1748000726,727,13,39,197.6,ABEV3,B
1748000727,728,15,69,36.92,ITUB4,B
1748000728,729,9,71,97.91,VALE3,B
1748000729,730,95,56,186.02,ABEV3,A
1748000730,731,50,33,179.42,ITUB4,A
1748000731,732,88,12,173.97,BBDC4,B
1748000732,733,73,29,95.72,BBDC4,A
1748000733,734,81,80,35.79,BBDC4,A
1748000734,735,92,53,46.84,BBDC4,A
1748000735,736,28,78,127.27,PETR4,A
1748000736,737,60,24,117.28,ABEV3,A
1748000737,738,32,89,16.64,BBDC4,A
1748000738,739,11,-5,-1.0,PETR4,B
1748000739,740,87,94,187.42,BBDC4,B
1748000740,741,48,38,138.4,VALE3,B
1748000741,742,28,0,0.0,ITUB4,A
1748000742,743,51,72,147.0,ITUB4,B
1748000743,744,100,30,92.5,ABEV3,A
1748000744,745,40,67,184.78,ITUB4,B
1748000745,746,76,19,12.9,ABEV3,A
1748000746,747,60,71,24.92,ABEV3,A
1748000747,748,7,54,24.2,PETR4,A
1748000748,749,91,4,108.62,BBDC4,A
1748000749,750,49,55,191.43,PETR4,A
1748000750,751,15,43,53.92,PETR4,B
1748000751,752,30,62,144.92,VALE3,B
1748000752,753,65,44,163.89,ABEV3,B
1748000753,754,6,59,156.43,ABEV3,A
1748000754,755,4,34,128.27,BBDC4,B
1748000755,756,58,8,180.41,ITUB4,B
1748000756,757,10,79,82.83,BBDC4,A
1748000757,758,32,96,95.19,ITUB4,A
1748000758,759,92,0,-1.0,ABEV3,A
1748000759,760,72,-5,-1.0,VALE3,B
1748000760,761,2,90,108.14,ABEV3,B
1748000761,762,85,43,87.27,ABEV3,B
1748000762,763,64,2,58.05,BBDC4,B
1748000763,764,21,47,50.52,ITUB4,B
1748000764,765,90,77,163.21,PETR4,B
1748000765,766,34,37,67.51,PETR4,B
1748000766,767,56,24,155.29,ITUB4,A
1748000767,768,78,1,14.62,PETR4,A
1748000768,769,83,0,-1.0,PETR4,A
1748000769,770,71,12,188.56,ABEV3,A
1748000770,771,46,38,133.88,ABEV3,B
1748000771,772,82,13,116.66,VALE3,B
1748000772,773,84,89,60.48,ABEV3,A
1748000773,774,1,83,117.78,PETR4,A
1748000774,775,83,64,46.45,BBDC4,A
1748000775,776,42,69,122.68,PETR4,B
1748000776,777,95,63,81.23,BBDC4,B
1748000777,778,85,62,24.32,VALE3,B
1748000778,779,70,73,156.33,PETR4,A
1748000779,780,69,7,39.71,VALE3,A
1748000780,781,12,4,81.18,BBDC4,A
1748000781,782,52,24,100.96,ABEV3,B
1748000782,783,100,0,-1.0,ABEV3,A
1748000783,784,50,23,106.04,ABEV3,B
1748000784,785,81,75,72.64,VALE3,B
1748000785,786,68,97,162.43,VALE3,A
1748000786,787,18,44,163.24,VALE3,A
1748000787,788,76,72,118.71,ABEV3,B
1748000788,789,2,2,184.65,BBDC4,B
1748000789,790,84,12,111.45,PETR4,B
1748000790,791,13,83,25.42,VALE3,A
1748000791,792,51,32,51.39,ABEV3,B
1748000792,793,85,35,68.44,BBDC4,A
1748000793,794,74,87,170.82,ABEV3,A
1748000794,795,88,16,115.5,VALE3,A
1748000795,796,68,62,45.36,ITUB4,A
1748000796,797,78,5,144.07,VALE3,A
1748000797,798,25,17,104.83,PETR4,A
1748000798,799,64,9,151.37,ITUB4,B
1748000799,800,55,98,72.18,ITUB4,A
1748000800,801,10,56,129.34,ABEV3,B
1748000801,802,51,45,24.09,VALE3,A
1748000802,803,3,90,69.08,ITUB4,B
1748000803,804,28,38,123.27,ITUB4,A
1748000804,805,46,35,191.66,ITUB4,A
1748000805,806,19,4,111.41,VALE3,B
1748000806,807,5,82,53.72,BBDC4,B
1748000807,808,39,39,102.55,ABEV3,B
1748000808,809,75,49,70.8,BBDC4,B
1748000809,810,55,79,113.47,PETR4,A
1748000810,811,12,81,67.46,VALE3,A
1748000811,812,79,41,10.9,ITUB4,B
1748000812,813,30,54,102.07,ABEV3,B
1748000813,814,50,66,151.77,VALE3,A
1748000814,815,60,37,92.48,ITUB4,B
1748000815,816,68,68,137.07,VALE3,B
1748000816,817,67,21,120.99,VALE3,B
1748000817,818,63,70,91.03,VALE3,A
1748000818,819,75,78,178.39,ITUB4,A
1748000819,820,24,40,168.56,ITUB4,A
1748000820,821,98,0,-1.0,ITUB4,B
1748000821,822,14,0,-1.0,VALE3,B
1748000822,823,92,0,-1.0,PETR4,A
1748000823,824,60,76,120.62,ABEV3,B
1748000824,825,75,68,116.51,ABEV3,A
1748000825,826,89,0,0.0,VALE3,B
1748000826,827,5,23,133.58,BBDC4,B
1748000827,828,46,72,14.95,BBDC4,A
1748000828,829,20,70,85.74,VALE3,A
1748000829,830,38,53,84.42,VALE3,B
1748000830,831,67,93,90.03,BBDC4,B
1748000831,832,33,83,181.86,ITUB4,B
1748000832,833,85,65,12.44,ABEV3,B
1748000833,834,7,85,77.06,BBDC4,A
1748000834,835,74,78,87.99,ABEV3,B
1748000835,836,27,53,168.78,BBDC4,A
1748000836,837,6,42,30.75,ITUB4,A
1748000837,838,7,5,111.65,ABEV3,A
1748000838,839,21,9,198.29,BBDC4,B
1748000839,840,40,84,20.6,BBDC4,A
1748000840,841,16,0,-1.0,BBDC4,B
1748000841,842,74,-5,-1.0,ITUB4,B
1748000842,843,77,59,50.56,PETR4,A
1748000843,844,28,4,144.79,ITUB4,B
1748000844,845,91,96,146.73,ABEV3,A
1748000845,846,76,8,141.77,BBDC4,A
1748000846,847,87,3,158.06,ITUB4,A
1748000847,848,81,93,114.92,BBDC4,B
1748000848,849,18,28,198.14,ITUB4,A
1748000849,850,46,15,38.11,ITUB4,A
1748000850,851,52,66,133.2,ITUB4,B
1748000851,852,38,42,94.17,BBDC4,B
1748000852,853,96,60,66.34,BBDC4,B
1748000853,854,82,79,125.67,ABEV3,A
1748000854,855,90,72,27.7,ITUB4,B
1748000855,856,90,59,193.93,ABEV3,A
1748000856,857,12,10,53.33,ITUB4,A
1748000857,858,33,50,111.41,PETR4,B
1748000858,859,51,44,95.42,VALE3,B
1748000859,860,37,62,77.56,BBDC4,B
1748000860,861,19,97,21.64,ABEV3,A
1748000861,862,33,7,11.18,BBDC4,B
1748000862,863,2,9,10.92,BBDC4,B
1748000863,864,92,38,175.35,BBDC4,A
1748000864,865,75,33,82.34,ABEV3,B
1748000865,866,83,25,133.25,VALE3,B
1748000866,867,77,47,82.54,PETR4,A
1748000867,868,55,77,173.69,ITUB4,A
1748000868,869,24,18,14.93,PETR4,B
1748000869,870,46,92,194.1,ITUB4,A
1748000870,871,96,84,42.35,ABEV3,A
1748000871,872,23,70,71.67,ABEV3,A
1748000872,873,21,0,0.0,VALE3,B
1748000873,874,65,92,108.02,VALE3,A
1748000874,875,88,39,11.34,ABEV3,B
1748000875,876,61,32,73.83,BBDC4,B
1748000876,877,19,79,87.47,BBDC4,B
1748000877,878,67,78,83.36,VALE3,A
1748000878,879,49,50,70.5,ABEV3,B
1748000879,880,39,63,198.34,VALE3,A
1748000880,881,6,44,137.45,ITUB4,B
1748000881,882,65,27,75.44,PETR4,A
1748000882,883,40,100,150.65,ITUB4,A
1748000883,884,50,31,58.19,PETR4,B
1748000884,885,35,48,165.05,ABEV3,B
1748000885,886,68,91,191.5,ABEV3,B
1748000886,887,58,0,-1.0,PETR4,A
1748000887,888,48,47,26.36,ABEV3,B
1748000888,889,85,54,94.11,ABEV3,A
1748000889,890,32,33,62.46,BBDC4,A
1748000890,891,49,22,126.77,ABEV3,B
1748000891,892,71,17,137.55,VALE3,A
1748000892,893,68,28,178.84,ITUB4,A
1748000893,894,54,17,177.24,ITUB4,B
1748000894,895,48,66,182.85,ITUB4,A
1748000895,896,89,0,-1.0,BBDC4,B
1748000896,897,100,74,163.72,ABEV3,A
1748000897,898,52,0,-1.0,VALE3,B
1748000898,899,25,52,113.56,BBDC4,A
1748000899,900,87,54,195.58,PETR4,A
1748000900,901,42,39,166.56,BBDC4,B
1748000901,902,27,4,80.88,PETR4,A
1748000902,903,7,40,199.64,ITUB4,B
1748000903,904,59,99,182.58,ITUB4,A
1748000904,905,59,32,120.7,BBDC4,A
1748000905,906,12,24,78.21,ABEV3,A
1748000906,907,35,10,149.02,BBDC4,B
1748000907,908,8,85,172.43,PETR4,A
1748000908,909,92,59,193.81,VALE3,B
1748000909,910,79,33,156.93,BBDC4,B
1748000910,911,72,28,138.58,BBDC4,B
1748000911,912,17,78,125.03,ITUB4,A
1748000912,913,14,89,172.76,ITUB4,A
1748000913,914,11,58,97.04,ABEV3,B
1748000914,915,32,71,33.32,ITUB4,B
1748000915,916,61,79,93.8,BBDC4,B
1748000916,917,64,13,87.5,ITUB4,A
1748000917,918,30,19,152.89,PETR4,B
1748000918,919,9,44,34.11,ABEV3,B
1748000919,920,1,41,162.18,VALE3,A
1748000920,921,41,88,13.53,ABEV3,A
1748000921,922,26,54,155.2,ABEV3,A
1748000922,923,18,80,107.55,PETR4,A
1748000923,924,96,97,119.37,BBDC4,A
1748000924,925,63,24,17.91,PETR4,A
1748000925,926,69,69,77.97,VALE3,A
1748000926,927,83,86,135.07,BBDC4,B
1748000927,928,72,7,144.52,ABEV3,B
1748000928,929,99,94,21.52,PETR4,A
1748000929,930,14,27,180.61,VALE3,A
1748000930,931,96,30,14.38,PETR4,A
1748000931,932,84,99,74.78,PETR4,B
1748000932,933,94,68,148.41,ITUB4,B
1748000933,934,91,19,67.28,BBDC4,A
1748000934,935,32,52,141.28,ABEV3,A
1748000935,936,40,75,193.67,ITUB4,B
1748000936,937,13,28,42.37,PETR4,A
1748000937,938,87,83,116.65,PETR4,B
1748000938,939,24,20,176.53,PETR4,A
1748000939,940,23,33,44.83,VALE3,B
1748000940,941,29,89,27.64,ITUB4,A
1748000941,942,45,91,181.26,ABEV3,A
1748000942,943,83,75,46.6,BBDC4,B
1748000943,944,55,57,53.43,PETR4,A
1748000944,945,7,83,41.41,ABEV3,B
1748000945,946,88,81,93.03,VALE3,B
1748000946,947,18,47,15.5,VALE3,B
1748000947,948,5,7,104.85,VALE3,B
1748000948,949,73,59,76.54,PETR4,A
1748000949,950,53,34,117.39,ITUB4,A
1748000950,951,67,28,145.77,BBDC4,B
1748000951,952,84,25,38.42,BBDC4,B
1748000952,953,67,29,144.08,PETR4,B
1748000953,954,36,80,31.53,VALE3,B
1748000954,955,52,17,174.79,ITUB4,B
1748000955,956,65,1,121.35,BBDC4,A
1748000956,957,15,30,14.99,PETR4,A
1748000957,958,58,0,-1.0,VALE3,A
1748000958,959,99,38,12.18,ABEV3,A
1748000959,960,47,80,12.59,VALE3,B
1748000960,961,15,25,177.21,ABEV3,B
1748000961,962,76,10,55.59,VALE3,A
1748000962,963,61,98,88.27,ITUB4,B
1748000963,964,90,79,90.03,PETR4,B
1748000964,965,65,77,114.49,ITUB4,B
1748000965,966,6,0,0.0,ITUB4,B
1748000966,967,17,33,153.72,VALE3,B
1748000967,968,43,56,187.35,ITUB4,B
1748000968,969,1,79,173.25,BBDC4,A
1748000969,970,18,32,35.6,VALE3,B
1748000970,971,100,84,118.43,ABEV3,B
1748000971,972,99,87,138.38,ABEV3,B
1748000972,973,32,100,68.06,BBDC4,A
1748000973,974,46,45,154.2,PETR4,A
1748000974,975,11,61,174.16,PETR4,B
1748000975,976,39,25,19.77,PETR4,B
1748000976,977,14,97,76.76,ITUB4,A
1748000977,978,94,73,138.39,ABEV3,A
1748000978,979,57,50,175.38,VALE3,A
1748000979,980,2,55,53.64,ITUB4,B
1748000980,981,11,13,47.51,ITUB4,A
1748000981,982,21,20,120.11,PETR4,A
1748000982,983,47,45,126.23,ABEV3,A
1748000983,984,13,9,85.32,PETR4,A
1748000984,985,40,61,29.76,ITUB4,B
1748000985,986,15,31,103.94,ABEV3,B
1748000986,987,47,72,118.58,PETR4,B
1748000987,988,66,50,120.21,ITUB4,B
1748000988,989,50,11,142.94,BBDC4,B
1748000989,990,1,58,30.87,BBDC4,B
1748000990,991,67,0,0.0,VALE3,A
1748000991,992,39,81,153.71,PETR4,A
1748000992,993,14,7,77.87,PETR4,A
1748000993,994,31,42,132.84,PETR4,B
1748000994,995,88,97,199.78,PETR4,A
1748000995,996,9,31,89.4,ABEV3,B
1748000996,997,64,71,31.17,PETR4,B
1748000997,998,1,22,121.3,BBDC4,A
1748000998,999,9,52,193.34,BBDC4,A
1748000999,1000,67,78,37.23,ABEV3,B
