timestamp,order_id,client_id,quantity,price,symbol,side
1748000000,1,76,18,52.82,ITUB4,B
1748000001,2,41,68,51.45,VALE3,B
1748000002,3,13,11,175.76,BBDC4,B
1748000003,4,64,-5,-1.0,ABEV3,B
1748000004,5,21,55,33.7,ITUB4,B
1748000005,6,40,62,65.08,ABEV3,A
1748000006,7,20,25,31.96,BBDC4,A
1748000007,8,34,53,85.33,BBDC4,A
1748000008,9,16,-5,0.0,ABEV3,A
1748000009,10,34,2,147.99,ABEV3,B
1748000010,11,94,66,157.14,PETR4,B
1748000011,12,82,21,144.77,ITUB4,A
1748000012,13,60,12,40.03,PETR4,A
1748000013,14,30,87,154.26,ITUB4,B
1748000014,15,14,34,115.14,PETR4,B
1748000015,16,87,20,115.56,PETR4,B
1748000016,17,25,100,191.34,BBDC4,A
1748000017,18,77,17,114.12,ITUB4,B
1748000018,19,92,22,103.86,ABEV3,A
1748000019,20,25,0,-1.0,ITUB4,A
1748000020,21,79,8,28.28,VALE3,A
1748000021,22,71,60,162.36,ABEV3,B
1748000022,23,8,25,144.33,BBDC4,A
1748000023,24,84,35,152.37,BBDC4,A
1748000024,25,59,-5,0.0,PETR4,B
1748000025,26,10,46,36.5,ITUB4,A
1748000026,27,30,53,140.26,BBDC4,B
1748000027,28,88,-5,0.0,ITUB4,B
1748000028,29,67,93,30.64,PETR4,A
1748000029,30,25,-5,-1.0,ABEV3,A
1748000030,31,79,68,137.52,ITUB4,A
1748000031,32,80,61,110.19,VALE3,A
1748000032,33,78,35,89.3,BBDC4,B
1748000033,34,77,40,110.25,ABEV3,A
1748000034,35,86,-5,-1.0,BBDC4,B
1748000035,36,49,38,73.68,BBDC4,A
1748000036,37,8,46,127.56,ABEV3,B
1748000037,38,38,29,121.26,BBDC4,A
1748000038,39,57,0,0.0,BBDC4,B
1748000039,40,10,75,152.9,BBDC4,B
1748000040,41,58,86,93.89,VALE3,B
1748000041,42,9,76,51.02,VALE3,A
1748000042,43,55,43,55.18,ABEV3,A
1748000043,44,53,10,61.75,PETR4,B
1748000044,45,33,29,161.84,VALE3,A
1748000045,46,7,81,161.86,ABEV3,A
1748000046,47,24,0,-1.0,ITUB4,B
1748000047,48,67,38,134.84,ITUB4,A
1748000048,49,36,93,127.15,ITUB4,B
1748000049,50,76,31,176.44,PETR4,A
1748000050,51,26,-5,0.0,BBDC4,B
1748000051,52,87,47,59.64,PETR4,B
1748000052,53,33,-5,0.0,PETR4,A
1748000053,54,14,90,29.22,PETR4,A
1748000054,55,74,46,105.35,BBDC4,B
1748000055,56,61,46,79.44,ABEV3,A
1748000056,57,88,91,77.86,ABEV3,B
1748000057,58,8,91,122.4,VALE3,B
1748000058,59,67,71,165.17,PETR4,A
1748000059,60,7,88,44.03,VALE3,B
1748000060,61,69,25,53.86,PETR4,B
1748000061,62,43,15,83.08,ITUB4,A
1748000062,63,85,-5,-1.0,ABEV3,A
1748000063,64,50,24,161.53,ABEV3,B
1748000064,65,4,15,78.67,BBDC4,A
1748000065,66,99,30,163.56,VALE3,A
1748000066,67,89,3,116.0,ITUB4,A
1748000067,68,89,43,28.76,ITUB4,A
1748000068,69,16,95,101.02,BBDC4,B
1748000069,70,65,34,97.59,BBDC4,A
1748000070,71,55,54,29.78,BBDC4,A
1748000071,72,100,80,22.29,BBDC4,B
1748000072,73,8,19,29.64,BBDC4,A
1748000073,74,74,22,20.93,BBDC4,A
1748000074,75,74,28,144.48,BBDC4,B
1748000075,76,87,70,58.27,ABEV3,A
1748000076,77,6,0,0.0,PETR4,B
1748000077,78,87,90,153.07,PETR4,B
1748000078,79,67,45,94.23,PETR4,B
1748000079,80,37,22,66.93,VALE3,A
1748000080,81,21,19,58.57,ITUB4,A
1748000081,82,54,8,178.48,VALE3,A
1748000082,83,78,77,162.78,BBDC4,A
1748000083,84,46,67,125.75,ABEV3,A
1748000084,85,73,38,145.8,BBDC4,A
1748000085,86,46,0,0.0,VALE3,B
1748000086,87,36,31,175.84,PETR4,A
1748000087,88,16,-5,0.0,BBDC4,B
1748000088,89,72,42,58.01,BBDC4,B
1748000089,90,23,6,41.47,BBDC4,A
1748000090,91,63,81,126.25,ITUB4,B
1748000091,92,51,31,31.23,BBDC4,A
1748000092,93,45,31,76.43,ABEV3,B
1748000093,94,84,10,126.51,VALE3,B
1748000094,95,4,-5,-1.0,VALE3,B
1748000095,96,4,0,-1.0,ABEV3,A
1748000096,97,75,45,53.78,ABEV3,B
1748000097,98,6,53,50.47,ABEV3,B
1748000098,99,77,67,107.64,BBDC4,A
1748000099,100,9,38,144.28,ITUB4,A
1748000100,101,77,45,173.58,VALE3,B
1748000101,102,4,11,146.16,ITUB4,A
1748000102,103,4,70,101.06,PETR4,A
1748000103,104,19,23,53.28,PETR4,A
1748000104,105,59,72,62.42,PETR4,A
1748000105,106,79,21,140.44,VALE3,A
1748000106,107,96,10,61.34,VALE3,A
1748000107,108,27,72,83.36,ABEV3,A
1748000108,109,100,74,28.92,PETR4,B
1748000109,110,10,44,81.11,PETR4,B
1748000110,111,90,28,130.08,ABEV3,B
1748000111,112,5,5,196.25,ITUB4,A
1748000112,113,3,99,131.17,ABEV3,A
1748000113,114,39,57,101.67,VALE3,A
1748000114,115,48,-5,0.0,ITUB4,B
1748000115,116,73,40,153.99,ABEV3,B
1748000116,117,24,54,115.89,PETR4,A
1748000117,118,71,53,88.46,VALE3,B
1748000118,119,18,4,51.98,ITUB4,A
1748000119,120,63,99,32.33,ABEV3,A
1748000120,121,52,51,71.84,BBDC4,B
1748000121,122,43,13,35.83,ABEV3,A
1748000122,123,22,81,147.85,PETR4,B
1748000123,124,32,72,59.92,ABEV3,A
1748000124,125,25,61,25.73,ITUB4,A
1748000125,126,48,5,167.87,VALE3,A
1748000126,127,50,35,177.89,VALE3,A
1748000127,128,31,70,77.52,VALE3,A
1748000128,129,59,48,194.67,BBDC4,A
1748000129,130,90,52,16.32,ABEV3,A
1748000130,131,54,18,89.56,PETR4,B
1748000131,132,84,40,176.33,ITUB4,A
1748000132,133,63,38,38.46,ITUB4,A
1748000133,134,51,5,164.5,ITUB4,B
1748000134,135,71,78,112.99,VALE3,B
1748000135,136,91,2,46.34,PETR4,B
1748000136,137,37,4,94.9,PETR4,B
1748000137,138,54,78,135.63,PETR4,B
1748000138,139,42,100,194.47,VALE3,B
1748000139,140,83,93,59.54,PETR4,B
1748000140,141,43,95,43.64,ITUB4,B
1748000141,142,51,39,31.23,ABEV3,A
1748000142,143,75,92,162.97,ABEV3,A
1748000143,144,2,19,180.67,ITUB4,B
1748000144,145,75,77,151.34,ITUB4,B
1748000145,146,66,12,146.36,ITUB4,A
1748000146,147,31,35,69.5,ITUB4,B
1748000147,148,54,23,79.65,ITUB4,A
1748000148,149,53,61,96.94,BBDC4,B
1748000149,150,42,0,0.0,PETR4,A
1748000150,151,8,0,-1.0,BBDC4,A
1748000151,152,45,-5,0.0,VALE3,B
1748000152,153,36,92,176.28,PETR4,A
1748000153,154,39,80,31.82,ABEV3,B
1748000154,155,94,3,123.46,ABEV3,A
1748000155,156,45,56,37.17,ITUB4,B
1748000156,157,35,70,73.47,VALE3,A
1748000157,158,5,50,38.5,PETR4,B
1748000158,159,11,63,172.48,ABEV3,B
1748000159,160,65,35,150.79,PETR4,B
1748000160,161,28,51,192.47,ITUB4,B
1748000161,162,23,13,131.53,ITUB4,B
1748000162,163,35,52,144.79,BBDC4,B
1748000163,164,38,94,175.75,ITUB4,B
1748000164,165,45,83,58.93,VALE3,B
1748000165,166,42,63,107.64,VALE3,B
1748000166,167,98,58,169.9,VALE3,A
1748000167,168,65,90,149.91,ABEV3,B
1748000168,169,28,26,124.35,BBDC4,A
1748000169,170,7,57,167.51,ABEV3,B
1748000170,171,35,84,158.23,BBDC4,A
1748000171,172,35,79,143.06,BBDC4,A
1748000172,173,24,94,136.91,ITUB4,A
1748000173,174,7,5,190.02,ABEV3,B
1748000174,175,30,15,188.27,PETR4,B
1748000175,176,72,-5,0.0,ITUB4,A
1748000176,177,81,31,117.39,PETR4,B
1748000177,178,57,35,76.62,VALE3,B
1748000178,179,67,75,184.52,VALE3,B
1748000179,180,83,0,-1.0,ITUB4,A
1748000180,181,33,19,111.07,ITUB4,A
1748000181,182,37,0,-1.0,ITUB4,B
1748000182,183,93,18,134.78,ITUB4,A
1748000183,184,68,0,0.0,ABEV3,A
1748000184,185,53,65,130.05,ABEV3,A
1748000185,186,78,37,174.92,ITUB4,B
1748000186,187,39,67,87.47,ABEV3,A
1748000187,188,75,-5,-1.0,PETR4,A
1748000188,189,56,64,129.97,ABEV3,B
1748000189,190,48,35,74.12,ITUB4,B
1748000190,191,62,15,181.61,BBDC4,B
1748000191,192,61,12,126.78,VALE3,B
1748000192,193,40,25,93.56,PETR4,A
1748000193,194,85,51,172.04,ABEV3,B
1748000194,195,3,29,34.9,VALE3,B
1748000195,196,15,4,38.68,VALE3,A
1748000196,197,94,60,61.66,BBDC4,B
1748000197,198,16,60,107.49,ABEV3,B
1748000198,199,23,75,146.45,ABEV3,A
1748000199,200,98,80,73.71,ABEV3,B
1748000200,201,46,97,163.89,PETR4,A
1748000201,202,46,80,136.28,PETR4,B
1748000202,203,96,88,185.4,ITUB4,B
1748000203,204,3,90,151.83,BBDC4,B
1748000204,205,85,87,65.97,PETR4,B
1748000205,206,97,22,18.81,BBDC4,B
1748000206,207,10,53,117.9,BBDC4,A
1748000207,208,53,84,152.11,VALE3,A
1748000208,209,26,13,36.37,PETR4,B
1748000209,210,13,-5,-1.0,VALE3,B
1748000210,211,10,41,88.19,BBDC4,B
1748000211,212,69,17,90.21,ABEV3,B
1748000212,213,64,74,168.64,BBDC4,B
1748000213,214,45,96,199.91,ITUB4,B
1748000214,215,5,36,149.64,ABEV3,A
1748000215,216,46,13,45.58,ABEV3,B
1748000216,217,56,96,15.14,BBDC4,B
1748000217,218,90,60,117.92,BBDC4,A
1748000218,219,81,55,177.83,BBDC4,A
1748000219,220,59,36,87.91,VALE3,A
1748000220,221,69,36,60.46,BBDC4,A
1748000221,222,57,4,122.66,VALE3,A
1748000222,223,25,37,69.18,VALE3,B
1748000223,224,47,19,45.64,ABEV3,B
1748000224,225,63,68,146.57,ITUB4,A
1748000225,226,14,25,20.1,ITUB4,A
1748000226,227,75,67,110.38,BBDC4,A
1748000227,228,8,96,152.67,BBDC4,A
1748000228,229,8,87,175.76,ABEV3,B
1748000229,230,16,21,148.43,ITUB4,B
1748000230,231,77,77,163.73,ITUB4,B
1748000231,232,13,91,79.02,ITUB4,B
1748000232,233,22,62,84.47,ITUB4,A
1748000233,234,95,100,98.43,ABEV3,B
1748000234,235,62,5,135.19,PETR4,B
1748000235,236,67,20,89.34,ABEV3,B
1748000236,237,16,2,121.97,PETR4,A
1748000237,238,40,94,118.86,VALE3,B
1748000238,239,77,64,64.43,ITUB4,B
1748000239,240,27,10,82.57,ITUB4,B
1748000240,241,12,36,163.96,ITUB4,A
1748000241,242,92,48,173.51,ABEV3,A
1748000242,243,40,11,14.56,BBDC4,A
1748000243,244,70,96,144.38,ITUB4,A
1748000244,245,35,98,32.33,ITUB4,B
1748000245,246,71,-5,-1.0,BBDC4,B
1748000246,247,13,38,49.45,ITUB4,A
1748000247,248,60,86,154.04,ITUB4,B
1748000248,249,72,14,84.9,VALE3,B
1748000249,250,27,93,119.41,VALE3,B
1748000250,251,21,97,177.79,BBDC4,B
1748000251,252,62,21,122.03,ITUB4,A
1748000252,253,86,18,143.94,VALE3,A
1748000253,254,19,69,144.5,PETR4,B
1748000254,255,76,92,10.81,VALE3,B
1748000255,256,32,43,84.83,BBDC4,B
1748000256,257,25,21,134.5,PETR4,A
1748000257,258,58,59,115.48,ITUB4,B
1748000258,259,3,52,45.04,ABEV3,B
1748000259,260,10,30,103.65,VALE3,A
1748000260,261,36,0,-1.0,ITUB4,B
1748000261,262,30,44,101.52,VALE3,B
1748000262,263,13,36,42.33,ITUB4,A
1748000263,264,91,88,115.83,ITUB4,A
1748000264,265,66,75,72.71,VALE3,A
1748000265,266,93,99,67.76,BBDC4,A
1748000266,267,100,70,36.88,ABEV3,B
1748000267,268,24,84,133.96,PETR4,B
1748000268,269,9,68,166.21,ABEV3,B
1748000269,270,38,51,181.54,VALE3,A
1748000270,271,21,46,107.92,ABEV3,B
1748000271,272,50,50,70.97,PETR4,A
1748000272,273,79,5,171.2,ITUB4,A
1748000273,274,62,59,24.92,BBDC4,B
1748000274,275,52,92,125.69,BBDC4,A
1748000275,276,74,100,156.65,ABEV3,A
1748000276,277,83,0,0.0,BBDC4,B
1748000277,278,63,22,36.35,PETR4,A
1748000278,279,48,83,197.69,BBDC4,A
1748000279,280,95,19,124.49,BBDC4,A
1748000280,281,10,39,110.77,ABEV3,A
1748000281,282,85,35,93.25,BBDC4,B
1748000282,283,43,38,164.86,ABEV3,B
1748000283,284,11,38,124.49,VALE3,B
1748000284,285,13,41,196.31,ITUB4,B
1748000285,286,60,90,115.93,BBDC4,B
1748000286,287,49,26,65.82,ABEV3,A
1748000287,288,89,14,166.83,BBDC4,A
1748000288,289,65,40,188.81,ITUB4,A
1748000289,290,91,99,17.04,VALE3,B
1748000290,291,46,43,132.91,PETR4,B
1748000291,292,97,71,140.44,ITUB4,A
1748000292,293,7,0,0.0,BBDC4,A
1748000293,294,62,6,21.34,BBDC4,A
1748000294,295,30,27,179.87,VALE3,A
1748000295,296,35,53,133.86,ITUB4,B
1748000296,297,44,87,174.09,PETR4,B
1748000297,298,19,61,16.12,ITUB4,A
1748000298,299,86,39,85.74,ABEV3,B
1748000299,300,29,35,19.4,ITUB4,A
1748000300,301,57,19,66.53,ABEV3,B
1748000301,302,73,22,172.35,VALE3,A
1748000302,303,16,59,44.89,PETR4,A
1748000303,304,31,2,13.84,ABEV3,A
1748000304,305,64,48,152.62,ABEV3,A
1748000305,306,72,78,192.27,VALE3,A
1748000306,307,17,28,59.65,BBDC4,A
1748000307,308,46,47,197.01,VALE3,A
1748000308,309,24,32,115.37,ITUB4,A
1748000309,310,32,0,-1.0,VALE3,B
1748000310,311,76,97,14.39,VALE3,B
1748000311,312,86,35,136.37,ABEV3,B
1748000312,313,30,-5,-1.0,ABEV3,A
1748000313,314,56,68,195.93,ABEV3,A
1748000314,315,2,30,15.15,ITUB4,B
1748000315,316,90,86,129.8,ABEV3,B
1748000316,317,92,8,193.1,ITUB4,A
1748000317,318,16,92,124.65,BBDC4,B
1748000318,319,26,40,163.61,PETR4,A
1748000319,320,10,47,66.01,PETR4,B
1748000320,321,35,66,17.19,VALE3,B
1748000321,322,34,0,0.0,ITUB4,B
1748000322,323,49,44,14.52,BBDC4,A
1748000323,324,37,33,145.69,PETR4,A
1748000324,325,77,73,104.9,ITUB4,A
1748000325,326,76,4,37.92,VALE3,B
1748000326,327,61,88,30.6,ITUB4,A
1748000327,328,1,91,134.23,ABEV3,B
1748000328,329,66,92,55.77,BBDC4,A
1748000329,330,11,11,50.07,VALE3,B
1748000330,331,34,91,45.82,VALE3,A
1748000331,332,96,54,196.32,PETR4,A
1748000332,333,35,49,188.28,ABEV3,A
1748000333,334,49,14,41.1,ITUB4,A
1748000334,335,29,32,194.39,BBDC4,A
1748000335,336,71,39,93.79,VALE3,A
1748000336,337,27,14,37.84,VALE3,A
1748000337,338,70,93,70.11,VALE3,A
1748000338,339,95,64,148.45,ABEV3,A
1748000339,340,57,0,-1.0,BBDC4,A
1748000340,341,2,84,30.26,ABEV3,B
1748000341,342,23,46,91.35,PETR4,B
1748000342,343,50,28,38.65,ITUB4,B
1748000343,344,50,28,26.18,ABEV3,A
1748000344,345,100,73,33.73,ITUB4,A
1748000345,346,76,93,170.24,VALE3,A
1748000346,347,31,6,152.76,BBDC4,B
1748000347,348,89,57,103.17,ABEV3,B
1748000348,349,38,51,126.05,ITUB4,B
1748000349,350,66,56,129.09,ITUB4,A
1748000350,351,28,97,67.42,ABEV3,B
1748000351,352,20,90,87.38,BBDC4,A
1748000352,353,42,100,135.64,ABEV3,B
1748000353,354,1,92,109.74,ABEV3,B
1748000354,355,71,18,56.91,VALE3,B
1748000355,356,76,82,114.24,VALE3,A
1748000356,357,46,4,80.84,BBDC4,A
1748000357,358,89,91,98.64,ITUB4,B
1748000358,359,40,72,106.64,PETR4,A
1748000359,360,2,95,27.34,VALE3,B
1748000360,361,46,4,185.1,ITUB4,B
1748000361,362,58,86,48.04,PETR4,B
1748000362,363,5,88,156.06,ITUB4,A
1748000363,364,26,92,80.68,PETR4,B
1748000364,365,88,97,114.18,PETR4,A
1748000365,366,74,43,62.12,VALE3,B
1748000366,367,12,6,129.98,ABEV3,A
1748000367,368,88,7,19.27,BBDC4,A
1748000368,369,51,89,39.34,VALE3,B
1748000369,370,32,14,160.09,BBDC4,A
1748000370,371,22,-5,-1.0,ABEV3,A
1748000371,372,61,22,132.76,ITUB4,B
1748000372,373,47,75,113.71,BBDC4,B
1748000373,374,56,90,174.1,ABEV3,B
1748000374,375,66,75,94.42,BBDC4,A
1748000375,376,70,2,139.97,ABEV3,A
1748000376,377,18,52,160.55,BBDC4,A
1748000377,378,77,50,38.02,PETR4,A
1748000378,379,98,0,0.0,BBDC4,B
1748000379,380,64,46,113.57,PETR4,B
1748000380,381,3,13,144.09,PETR4,B
1748000381,382,15,7,45.54,ABEV3,A
1748000382,383,93,66,70.35,BBDC4,A
1748000383,384,77,89,22.88,ITUB4,B
1748000384,385,28,59,24.04,VALE3,B
1748000385,386,57,33,21.79,ITUB4,A
1748000386,387,73,-5,0.0,PETR4,A
1748000387,388,80,37,137.79,VALE3,A
1748000388,389,23,69,165.25,VALE3,B
1748000389,390,22,94,162.63,ABEV3,A
1748000390,391,24,16,132.03,ITUB4,A
1748000391,392,88,79,43.45,BBDC4,A
1748000392,393,76,63,147.13,PETR4,A
1748000393,394,82,51,171.18,BBDC4,B
1748000394,395,55,93,66.68,PETR4,B
1748000395,396,66,35,26.46,VALE3,B
1748000396,397,90,32,171.46,PETR4,A
1748000397,398,45,86,36.17,VALE3,B
1748000398,399,50,93,93.05,PETR4,A
1748000399,400,40,85,161.62,ABEV3,B
1748000400,401,88,28,107.01,VALE3,A
1748000401,402,97,73,86.69,VALE3,B
1748000402,403,18,87,166.7,ITUB4,A
1748000403,404,48,99,121.47,PETR4,A
1748000404,405,53,38,162.4,VALE3,B
1748000405,406,53,97,195.02,BBDC4,A
1748000406,407,10,-5,-1.0,ABEV3,A
1748000407,408,5,11,92.57,ABEV3,B
1748000408,409,71,19,64.67,BBDC4,A
1748000409,410,12,90,18.96,ABEV3,A
1748000410,411,77,15,143.82,VALE3,A
1748000411,412,48,43,110.69,VALE3,A
1748000412,413,33,72,161.56,ITUB4,A
1748000413,414,88,63,138.93,BBDC4,B
1748000414,415,65,94,81.15,ABEV3,B
1748000415,416,97,35,93.34,BBDC4,B
1748000416,417,27,56,77.4,ITUB4,B
1748000417,418,36,89,78.66,PETR4,B
1748000418,419,95,0,0.0,PETR4,B
1748000419,420,15,-5,0.0,VALE3,A
1748000420,421,68,73,45.89,ABEV3,B
1748000421,422,31,85,35.95,ITUB4,B
1748000422,423,95,90,180.63,BBDC4,B
1748000423,424,31,64,75.36,ITUB4,A
1748000424,425,61,66,32.16,VALE3,A
1748000425,426,11,31,192.88,ITUB4,B
1748000426,427,43,0,0.0,PETR4,B
1748000427,428,94,95,155.47,ITUB4,B
1748000428,429,48,94,114.51,VALE3,A
1748000429,430,32,53,162.65,BBDC4,A
1748000430,431,41,100,101.24,VALE3,A
1748000431,432,69,9,175.7,PETR4,A
1748000432,433,25,23,192.03,BBDC4,B
1748000433,434,47,14,144.67,PETR4,A
1748000434,435,23,77,103.16,BBDC4,B
1748000435,436,14,67,38.47,ABEV3,B
1748000436,437,79,69,175.03,ITUB4,B
1748000437,438,33,85,112.6,ITUB4,B
1748000438,439,1,12,159.46,PETR4,B
1748000439,440,59,78,77.78,VALE3,A
1748000440,441,32,51,116.29,VALE3,B
1748000441,442,68,3,71.11,BBDC4,A
1748000442,443,87,5,146.7,BBDC4,A
1748000443,444,5,83,14.6,ITUB4,A
1748000444,445,67,77,157.53,VALE3,B
1748000445,446,25,82,198.3,PETR4,A
1748000446,447,90,42,37.71,BBDC4,B
1748000447,448,38,12,175.24,VALE3,B
1748000448,449,49,78,173.7,BBDC4,B
1748000449,450,42,55,46.63,ABEV3,B
1748000450,451,53,73,109.12,VALE3,A
1748000451,452,33,19,179.92,ITUB4,A
1748000452,453,31,53,114.72,VALE3,A
1748000453,454,94,-5,0.0,PETR4,B
1748000454,455,60,11,114.23,BBDC4,B
1748000455,456,73,46,18.39,ABEV3,B
1748000456,457,47,43,32.29,BBDC4,B
1748000457,458,13,81,121.69,BBDC4,A
1748000458,459,35,52,197.16,BBDC4,A
1748000459,460,3,-5,0.0,ABEV3,B
1748000460,461,24,36,112.3,ABEV3,B
1748000461,462,18,80,170.11,PETR4,B
1748000462,463,78,98,174.43,ITUB4,B
1748000463,464,83,56,71.73,ABEV3,B
1748000464,465,43,44,14.04,ABEV3,B
1748000465,466,76,45,132.47,ITUB4,A
1748000466,467,41,63,18.41,VALE3,A
1748000467,468,98,0,-1.0,BBDC4,A
1748000468,469,74,32,174.97,BBDC4,A
1748000469,470,36,60,18.28,PETR4,A
1748000470,471,53,71,192.42,PETR4,B
1748000471,472,28,12,29.87,PETR4,A
1748000472,473,55,75,79.78,VALE3,A
1748000473,474,75,32,79.39,ABEV3,A
1748000474,475,14,79,76.57,ITUB4,B
1748000475,476,44,13,74.29,ITUB4,A
1748000476,477,79,0,-1.0,ITUB4,A
1748000477,478,24,71,16.55,VALE3,B
1748000478,479,10,95,35.36,ABEV3,A
1748000479,480,13,40,123.09,PETR4,B
1748000480,481,68,23,36.03,ITUB4,B
1748000481,482,65,89,142.74,ABEV3,A
1748000482,483,99,0,-1.0,VALE3,A
1748000483,484,29,5,145.37,BBDC4,B
1748000484,485,28,40,117.09,ABEV3,A
1748000485,486,88,30,22.55,ABEV3,A
1748000486,487,26,41,52.46,ABEV3,A
1748000487,488,63,32,22.94,ITUB4,B
1748000488,489,93,90,156.45,BBDC4,B
1748000489,490,40,98,199.25,VALE3,A
1748000490,491,7,95,188.2,BBDC4,B
1748000491,492,75,66,152.17,PETR4,B
1748000492,493,82,39,79.56,ITUB4,B
1748000493,494,51,89,72.08,ITUB4,A
1748000494,495,28,68,42.86,PETR4,B
1748000495,496,82,2,89.22,BBDC4,A
1748000496,497,13,95,139.78,ITUB4,A
1748000497,498,96,-5,-1.0,VALE3,A
1748000498,499,61,89,172.65,PETR4,A
1748000499,500,69,19,182.7,VALE3,A
1748000500,501,93,34,133.09,BBDC4,B
1748000501,502,77,70,161.26,ITUB4,B
1748000502,503,34,31,131.61,BBDC4,A
1748000503,504,68,0,-1.0,ITUB4,A
1748000504,505,75,5,80.17,VALE3,B
1748000505,506,48,80,97.12,VALE3,A
1748000506,507,69,11,39.82,VALE3,A
1748000507,508,38,77,166.12,ABEV3,A
1748000508,509,74,37,84.96,VALE3,B
1748000509,510,27,37,49.61,ITUB4,A
1748000510,511,73,65,141.16,PETR4,B
1748000511,512,2,22,91.96,BBDC4,A
1748000512,513,55,29,88.07,PETR4,B
1748000513,514,17,96,58.23,ABEV3,A
1748000514,515,72,24,149.59,BBDC4,B
1748000515,516,31,12,119.51,VALE3,B
1748000516,517,25,2,51.55,PETR4,A
1748000517,518,54,52,123.93,VALE3,A
1748000518,519,38,11,47.53,BBDC4,A
1748000519,520,80,52,41.57,VALE3,A
1748000520,521,77,77,140.13,PETR4,B
1748000521,522,89,88,126.85,ABEV3,B
1748000522,523,6,9,175.26,ITUB4,B
1748000523,524,24,47,121.82,ITUB4,A
1748000524,525,25,28,197.52,VALE3,A
1748000525,526,66,94,68.93,PETR4,B
1748000526,527,62,0,0.0,PETR4,A
1748000527,528,36,82,31.11,PETR4,B
1748000528,529,53,-5,0.0,ITUB4,B
1748000529,530,63,25,196.86,VALE3,B
1748000530,531,18,81,133.55,VALE3,A
1748000531,532,78,52,67.27,BBDC4,A
1748000532,533,93,68,100.53,PETR4,A
1748000533,534,17,99,135.13,ABEV3,B
1748000534,535,37,43,53.9,BBDC4,A
1748000535,536,77,79,135.83,ITUB4,B
1748000536,537,70,66,147.7,VALE3,B
1748000537,538,52,83,21.75,BBDC4,B
1748000538,539,3,45,159.53,PETR4,A
1748000539,540,22,37,79.51,BBDC4,B
1748000540,541,64,72,189.0,BBDC4,A
1748000541,542,22,18,11.9,BBDC4,A
1748000542,543,61,7,181.22,ITUB4,B
1748000543,544,84,-5,0.0,ITUB4,B
1748000544,545,97,57,154.25,PETR4,B
1748000545,546,43,65,175.92,ITUB4,A
1748000546,547,53,48,134.76,BBDC4,A
1748000547,548,79,86,182.02,BBDC4,A
1748000548,549,33,46,51.59,ABEV3,B
1748000549,550,34,85,61.84,BBDC4,B
1748000550,551,33,9,27.54,ABEV3,A
1748000551,552,10,6,48.82,BBDC4,A
1748000552,553,82,67,102.46,PETR4,A
1748000553,554,46,54,41.17,VALE3,A
1748000554,555,55,100,100.74,ITUB4,A
1748000555,556,26,24,151.18,BBDC4,B
1748000556,557,77,28,140.92,BBDC4,B
1748000557,558,70,46,16.33,PETR4,A
1748000558,559,51,28,163.66,ABEV3,A
1748000559,560,71,0,-1.0,ABEV3,B
1748000560,561,72,12,130.89,VALE3,A
1748000561,562,54,2,68.88,VALE3,A
1748000562,563,39,76,104.46,PETR4,A
1748000563,564,85,0,-1.0,ABEV3,B
1748000564,565,10,41,180.41,BBDC4,A
1748000565,566,4,73,28.0,BBDC4,A
1748000566,567,14,26,174.3,ABEV3,B
1748000567,568,28,5,127.95,BBDC4,B
1748000568,569,52,66,112.99,ITUB4,A
1748000569,570,9,15,67.93,PETR4,A
1748000570,571,3,17,49.93,VALE3,A
1748000571,572,58,97,165.13,ITUB4,B
1748000572,573,87,12,24.24,BBDC4,A
1748000573,574,61,61,180.3,ITUB4,A
1748000574,575,39,92,59.63,BBDC4,A
1748000575,576,50,79,100.84,PETR4,A
1748000576,577,30,24,143.45,BBDC4,A
1748000577,578,96,-5,-1.0,VALE3,B
1748000578,579,29,58,130.89,VALE3,A
1748000579,580,40,17,190.98,BBDC4,A
1748000580,581,5,84,185.81,ABEV3,A
1748000581,582,42,74,53.21,ABEV3,A
1748000582,583,42,77,158.95,BBDC4,A
1748000583,584,92,43,133.43,ITUB4,B
1748000584,585,96,0,0.0,PETR4,A
1748000585,586,43,88,158.05,PETR4,B
1748000586,587,92,95,32.71,ABEV3,B
1748000587,588,76,79,92.39,BBDC4,B
1748000588,589,26,87,86.2,ITUB4,A
1748000589,590,63,21,171.01,ABEV3,B
1748000590,591,93,60,139.06,PETR4,A
1748000591,592,85,21,95.76,PETR4,A
1748000592,593,7,63,123.7,ITUB4,B
1748000593,594,64,90,27.9,VALE3,B
1748000594,595,2,15,113.19,BBDC4,B
1748000595,596,70,0,0.0,BBDC4,A
1748000596,597,76,68,61.9,VALE3,A
1748000597,598,23,0,0.0,ABEV3,A
1748000598,599,8,65,146.27,BBDC4,B
1748000599,600,6,77,31.9,ITUB4,B
1748000600,601,78,16,36.07,ABEV3,A
1748000601,602,71,17,39.62,BBDC4,A
1748000602,603,69,90,25.11,ABEV3,B
1748000603,604,91,12,153.53,VALE3,A
1748000604,605,34,95,107.21,BBDC4,B
1748000605,606,7,14,175.93,ABEV3,B
1748000606,607,10,49,13.94,PETR4,A
1748000607,608,33,75,125.53,PETR4,B
1748000608,609,15,52,166.44,PETR4,A
1748000609,610,4,71,77.2,BBDC4,B
1748000610,611,99,65,125.3,ITUB4,B
1748000611,612,25,-5,-1.0,PETR4,A
1748000612,613,40,41,68.86,ABEV3,B
1748000613,614,58,72,156.05,PETR4,B
1748000614,615,79,81,15.64,BBDC4,A
1748000615,616,85,61,97.55,ITUB4,A
1748000616,617,66,10,134.39,ABEV3,A
1748000617,618,28,19,183.64,BBDC4,B
1748000618,619,34,40,34.09,VALE3,A
1748000619,620,49,82,36.26,VALE3,B
1748000620,621,73,100,58.24,BBDC4,A
1748000621,622,54,80,41.42,VALE3,B
1748000622,623,100,13,31.19,ITUB4,B
1748000623,624,42,70,26.91,BBDC4,A
1748000624,625,66,48,23.34,ITUB4,A
1748000625,626,90,81,62.18,VALE3,A
1748000626,627,43,35,142.21,PETR4,A
1748000627,628,37,81,20.09,PETR4,A
1748000628,629,32,4,174.26,VALE3,B
1748000629,630,48,91,130.83,ABEV3,B
1748000630,631,4,16,46.45,VALE3,B
1748000631,632,45,82,116.19,ITUB4,A
1748000632,633,29,17,110.14,ABEV3,A
1748000633,634,1,75,41.36,ITUB4,B
1748000634,635,44,-5,0.0,ABEV3,B
1748000635,636,70,99,59.07,BBDC4,A
1748000636,637,22,36,69.4,VALE3,B
1748000637,638,29,48,18.45,ITUB4,A
1748000638,639,88,98,138.2,VALE3,B
1748000639,640,14,9,61.3,ITUB4,B
1748000640,641,54,5,80.39,BBDC4,A
1748000641,642,10,60,195.66,ITUB4,B
1748000642,643,36,19,107.33,ABEV3,B
1748000643,644,30,30,24.79,ABEV3,B
1748000644,645,33,-5,-1.0,VALE3,B
1748000645,646,82,82,11.24,ITUB4,B
1748000646,647,56,100,136.86,ITUB4,B
1748000647,648,35,8,47.18,PETR4,A
1748000648,649,85,65,103.86,BBDC4,B
1748000649,650,35,79,119.78,ABEV3,A
1748000650,651,50,62,111.28,ITUB4,B
1748000651,652,34,30,105.87,VALE3,A
1748000652,653,79,-5,-1.0,PETR4,A
1748000653,654,79,19,22.75,BBDC4,B
1748000654,655,72,75,53.97,ITUB4,B
1748000655,656,20,39,142.45,ITUB4,B
1748000656,657,16,12,160.54,ABEV3,B
1748000657,658,3,39,21.29,ITUB4,A
1748000658,659,43,51,26.37,ABEV3,B
1748000659,660,28,76,115.86,ITUB4,A
1748000660,661,32,53,11.32,ITUB4,B
1748000661,662,85,-5,-1.0,ABEV3,A
1748000662,663,16,94,182.7,ABEV3,B
1748000663,664,65,83,195.79,ITUB4,B
1748000664,665,78,-5,-1.0,VALE3,B
1748000665,666,100,97,188.12,VALE3,B
1748000666,667,65,56,154.26,PETR4,A
1748000667,668,88,41,72.1,BBDC4,B
1748000668,669,11,28,47.61,PETR4,A
1748000669,670,54,76,22.68,VALE3,B
1748000670,671,1,95,132.82,ITUB4,A
1748000671,672,90,97,159.15,ITUB4,A
1748000672,673,97,54,11.95,VALE3,B
1748000673,674,97,58,75.4,VALE3,A
1748000674,675,66,46,117.71,ITUB4,A
1748000675,676,55,40,121.56,BBDC4,A
1748000676,677,40,15,124.55,ITUB4,A
1748000677,678,83,54,155.43,VALE3,A
1748000678,679,82,0,-1.0,ABEV3,A
1748000679,680,17,63,135.77,VALE3,A
1748000680,681,41,45,175.03,ABEV3,B
1748000681,682,5,72,171.27,BBDC4,A
1748000682,683,10,80,162.15,BBDC4,A
1748000683,684,58,62,60.64,PETR4,A
1748000684,685,21,0,-1.0,ITUB4,A
1748000685,686,98,99,135.32,VALE3,B
1748000686,687,11,27,92.71,VALE3,A
1748000687,688,17,76,17.17,PETR4,B
1748000688,689,61,38,100.55,VALE3,A
1748000689,690,24,56,84.02,ABEV3,B
1748000690,691,64,57,138.38,ABEV3,B
1748000691,692,3,44,102.49,BBDC4,A
1748000692,693,64,88,63.9,ITUB4,B
1748000693,694,72,58,177.06,VALE3,A
1748000694,695,12,51,95.59,VALE3,A
1748000695,696,12,80,127.1,ABEV3,A
1748000696,697,92,87,131.7,PETR4,B
1748000697,698,9,60,138.95,ITUB4,B
1748000698,699,19,87,196.63,PETR4,A
1748000699,700,100,42,99.43,PETR4,A
1748000700,701,22,22,144.56,ABEV3,B
1748000701,702,74,0,0.0,ABEV3,B
1748000702,703,100,0,0.0,PETR4,B
1748000703,704,52,99,80.36,VALE3,B
1748000704,705,76,48,70.59,ITUB4,B
1748000705,706,81,67,184.77,ITUB4,A
1748000706,707,50,43,97.18,VALE3,A
1748000707,708,40,-5,-1.0,ABEV3,A
1748000708,709,82,17,37.8,ABEV3,B
1748000709,710,24,11,192.18,ITUB4,B
1748000710,711,26,12,153.2,VALE3,A
1748000711,712,49,66,30.8,BBDC4,A
1748000712,713,12,84,196.89,BBDC4,A
1748000713,714,88,62,95.36,BBDC4,A
1748000714,715,38,51,30.82,ITUB4,B
1748000715,716,10,39,23.88,VALE3,B
1748000716,717,14,74,48.17,BBDC4,B
1748000717,718,32,-5,-1.0,BBDC4,B
1748000718,719,49,92,116.68,PETR4,B
1748000719,720,68,88,181.15,VALE3,B
1748000720,721,40,89,45.07,ITUB4,A
1748000721,722,87,73,176.18,PETR4,A
1748000722,723,12,79,171.8,ITUB4,B
1748000723,724,86,40,100.91,VALE3,A
1748000724,725,98,88,107.49,PETR4,A
1748000725,726,36,92,124.66,ITUB4,B
1748000726,727,22,35,25.12,ABEV3,B
1748000727,728,51,99,18.3,ABEV3,B
1748000728,729,28,58,81.42,ITUB4,B
1748000729,730,45,43,95.06,PETR4,A
1748000730,731,64,57,51.3,ITUB4,A
1748000731,732,70,91,109.24,PETR4,A
1748000732,733,73,0,0.0,VALE3,A
1748000733,734,62,29,52.25,VALE3,A
1748000734,735,20,20,37.02,PETR4,A
1748000735,736,52,85,136.63,PETR4,B
1748000736,737,90,26,68.96,PETR4,A
1748000737,738,32,88,175.66,ITUB4,B
1748000738,739,11,82,117.95,ABEV3,B
1748000739,740,28,53,17.94,ITUB4,B
1748000740,741,88,50,87.8,ITUB4,A
1748000741,742,8,-5,-1.0,PETR4,A
1748000742,743,41,-5,-1.0,ABEV3,B
1748000743,744,22,57,183.35,BBDC4,A
1748000744,745,89,63,86.98,VALE3,B
1748000745,746,81,68,35.17,ABEV3,A
1748000746,747,41,35,60.28,ABEV3,B
1748000747,748,17,69,27.26,PETR4,B
1748000748,749,38,68,12.4,VALE3,A
1748000749,750,53,7,102.75,BBDC4,B
1748000750,751,38,91,62.32,BBDC4,B
1748000751,752,6,37,113.76,VALE3,A
1748000752,753,55,-5,-1.0,BBDC4,A
1748000753,754,61,16,22.13,ITUB4,A
1748000754,755,56,54,183.76,ITUB4,A
1748000755,756,99,32,66.46,ABEV3,B
1748000756,757,85,8,91.08,VALE3,B
1748000757,758,100,66,63.24,PETR4,B
1748000758,759,24,40,195.07,ABEV3,B
1748000759,760,61,14,68.32,ABEV3,A
1748000760,761,48,-5,-1.0,ITUB4,B
1748000761,762,45,97,113.99,ABEV3,A
1748000762,763,18,57,97.64,BBDC4,B
1748000763,764,10,97,53.41,VALE3,B
1748000764,765,8,61,169.74,BBDC4,A
1748000765,766,16,75,80.96,VALE3,A
1748000766,767,20,11,192.37,ITUB4,B
1748000767,768,68,3,181.84,ABEV3,B
1748000768,769,99,50,114.59,BBDC4,B
1748000769,770,75,88,187.04,PETR4,B
1748000770,771,24,32,157.51,PETR4,B
1748000771,772,23,30,104.28,PETR4,B
1748000772,773,48,60,164.97,PETR4,B
1748000773,774,48,78,54.05,PETR4,A
1748000774,775,55,49,72.73,BBDC4,B
1748000775,776,31,42,191.42,ABEV3,A
1748000776,777,18,61,67.96,VALE3,A
1748000777,778,64,20,71.51,VALE3,A
1748000778,779,96,85,184.28,ITUB4,B
1748000779,780,10,49,58.72,BBDC4,A
1748000780,781,78,97,106.41,BBDC4,A
1748000781,782,98,0,0.0,BBDC4,B
1748000782,783,98,58,75.97,VALE3,A
1748000783,784,56,68,125.9,BBDC4,A
1748000784,785,15,99,180.99,ITUB4,B
1748000785,786,96,41,92.93,ABEV3,B
1748000786,787,66,1,68.88,ITUB4,A
1748000787,788,28,30,164.96,VALE3,B
1748000788,789,18,92,131.69,ITUB4,A
1748000789,790,65,31,54.03,ITUB4,B
1748000790,791,27,36,25.89,ITUB4,A
1748000791,792,41,76,144.17,PETR4,B
1748000792,793,31,68,75.75,ITUB4,A
1748000793,794,14,62,20.49,ABEV3,B
1748000794,795,94,28,18.08,BBDC4,A
1748000795,796,59,49,104.24,PETR4,A
1748000796,797,60,74,160.05,VALE3,B
1748000797,798,21,-5,-1.0,PETR4,B
1748000798,799,20,-5,-1.0,PETR4,A
1748000799,800,55,35,21.0,ABEV3,B
1748000800,801,84,99,76.61,VALE3,B
1748000801,802,41,68,109.43,VALE3,A
1748000802,803,7,72,15.45,VALE3,B
1748000803,804,4,0,0.0,ABEV3,B
1748000804,805,41,26,95.04,ABEV3,A
1748000805,806,93,96,18.39,ITUB4,B
1748000806,807,30,0,-1.0,BBDC4,A
1748000807,808,95,-5,-1.0,PETR4,B
1748000808,809,60,64,13.71,PETR4,B
1748000809,810,40,51,97.94,VALE3,A
1748000810,811,6,59,94.87,ABEV3,A
1748000811,812,58,1,64.2,VALE3,B
1748000812,813,34,94,110.55,BBDC4,B
1748000813,814,88,99,114.24,ITUB4,A
1748000814,815,49,83,181.89,ITUB4,B
1748000815,816,29,36,181.42,ABEV3,B
1748000816,817,80,28,91.99,BBDC4,A
1748000817,818,20,77,33.46,PETR4,B
1748000818,819,79,49,121.35,ITUB4,A
1748000819,820,70,40,127.74,ABEV3,B
1748000820,821,9,89,188.93,ITUB4,A
1748000821,822,49,76,158.2,BBDC4,B
1748000822,823,13,92,184.35,VALE3,A
1748000823,824,4,13,146.92,ABEV3,A
1748000824,825,65,10,181.15,VALE3,B
1748000825,826,63,10,17.05,PETR4,A
1748000826,827,66,10,123.2,BBDC4,A
1748000827,828,18,71,72.09,PETR4,A
1748000828,829,93,69,71.88,VALE3,B
1748000829,830,58,100,43.21,PETR4,B
1748000830,831,22,-5,-1.0,ITUB4,A
1748000831,832,31,-5,-1.0,ABEV3,A
1748000832,833,82,42,198.77,ABEV3,A
1748000833,834,7,80,182.35,ABEV3,A
1748000834,835,45,60,124.95,PETR4,B
1748000835,836,5,65,62.15,ABEV3,A
1748000836,837,55,76,56.62,PETR4,B
1748000837,838,55,67,135.53,VALE3,B
1748000838,839,40,46,132.12,ITUB4,B
1748000839,840,72,61,118.71,VALE3,A
1748000840,841,97,58,80.37,BBDC4,A
1748000841,842,24,49,179.07,PETR4,B
1748000842,843,62,40,168.36,BBDC4,A
1748000843,844,10,61,128.2,PETR4,A
1748000844,845,53,52,14.83,VALE3,A
1748000845,846,100,90,129.03,BBDC4,B
1748000846,847,16,69,151.85,BBDC4,A
1748000847,848,95,44,153.0,PETR4,B
1748000848,849,31,62,104.96,PETR4,A
1748000849,850,97,84,51.19,ABEV3,A
1748000850,851,61,-5,0.0,ABEV3,A
1748000851,852,56,74,170.64,ABEV3,B
1748000852,853,62,-5,-1.0,BBDC4,B
1748000853,854,68,74,83.68,BBDC4,B
1748000854,855,2,92,40.31,BBDC4,A
1748000855,856,42,35,170.46,ABEV3,B
1748000856,857,63,36,158.22,VALE3,A
1748000857,858,66,35,137.86,VALE3,A
1748000858,859,34,61,41.26,VALE3,B
1748000859,860,70,91,133.34,BBDC4,B
1748000860,861,14,83,110.35,ITUB4,B
1748000861,862,20,6,52.24,BBDC4,A
1748000862,863,17,1,38.59,BBDC4,B
1748000863,864,96,6,136.47,ABEV3,A
1748000864,865,49,46,197.53,ITUB4,B
1748000865,866,79,37,23.74,ABEV3,A
1748000866,867,94,36,76.59,BBDC4,B
1748000867,868,38,69,115.15,ABEV3,A
1748000868,869,26,10,69.31,ABEV3,A
1748000869,870,19,88,160.45,BBDC4,A
1748000870,871,11,49,25.05,ABEV3,B
1748000871,872,79,78,141.63,BBDC4,A
1748000872,873,32,84,46.08,PETR4,B
1748000873,874,89,66,165.87,PETR4,A
1748000874,875,50,47,135.85,ABEV3,B
1748000875,876,67,9,85.88,BBDC4,B
1748000876,877,74,23,144.79,BBDC4,A
1748000877,878,43,97,99.67,ITUB4,B
1748000878,879,6,35,85.75,VALE3,B
1748000879,880,44,97,66.86,ITUB4,B
1748000880,881,8,22,186.24,ITUB4,B
1748000881,882,29,21,31.68,BBDC4,A
1748000882,883,100,56,134.21,PETR4,B
1748000883,884,49,66,183.74,PETR4,A
1748000884,885,43,81,198.63,BBDC4,B
1748000885,886,98,-5,-1.0,ITUB4,A
1748000886,887,72,0,0.0,PETR4,B
1748000887,888,6,49,56.59,PETR4,B
1748000888,889,69,50,69.4,PETR4,A
1748000889,890,47,58,50.2,ABEV3,A
1748000890,891,84,81,65.55,ABEV3,A
1748000891,892,100,36,83.23,PETR4,A
1748000892,893,47,49,13.24,VALE3,A
1748000893,894,21,94,112.41,PETR4,A
1748000894,895,56,0,-1.0,BBDC4,B
1748000895,896,79,18,163.24,ABEV3,B
1748000896,897,23,57,113.35,PETR4,B
1748000897,898,47,52,86.63,ITUB4,B
1748000898,899,66,96,23.02,ABEV3,B
1748000899,900,68,0,-1.0,BBDC4,B
1748000900,901,94,4,65.42,ITUB4,A
1748000901,902,51,19,72.57,VALE3,A
1748000902,903,72,22,157.22,BBDC4,B
1748000903,904,44,49,173.85,ITUB4,A
1748000904,905,69,41,86.6,ITUB4,B
1748000905,906,29,85,32.53,BBDC4,B
1748000906,907,89,78,104.78,BBDC4,A
1748000907,908,20,39,125.34,ABEV3,B
1748000908,909,70,70,10.06,ITUB4,B
1748000909,910,59,73,72.5,PETR4,A
1748000910,911,100,-5,-1.0,BBDC4,A
1748000911,912,96,-5,-1.0,PETR4,A
1748000912,913,35,88,80.87,PETR4,A
1748000913,914,17,29,62.35,ITUB4,A
1748000914,915,73,1,15.06,VALE3,A
1748000915,916,95,0,0.0,ABEV3,B
1748000916,917,6,41,148.1,ITUB4,B
1748000917,918,49,19,118.77,ITUB4,A
1748000918,919,56,19,35.03,BBDC4,A
1748000919,920,46,9,174.99,BBDC4,A
1748000920,921,4,65,82.5,VALE3,B
1748000921,922,31,86,156.48,PETR4,B
1748000922,923,48,12,65.21,BBDC4,A
1748000923,924,99,70,127.92,ITUB4,B
1748000924,925,3,-5,0.0,PETR4,B
1748000925,926,90,22,50.71,ABEV3,B
1748000926,927,6,94,191.29,VALE3,A
1748000927,928,52,15,25.53,ITUB4,B
1748000928,929,62,-5,-1.0,VALE3,A
1748000929,930,47,47,98.32,VALE3,B
1748000930,931,77,50,112.08,BBDC4,B
1748000931,932,76,33,151.34,ITUB4,A
1748000932,933,91,42,98.74,ITUB4,A
1748000933,934,25,73,180.87,ITUB4,A
1748000934,935,5,62,96.83,ITUB4,B
1748000935,936,37,4,54.84,BBDC4,B
1748000936,937,71,8,49.88,VALE3,B
1748000937,938,21,60,99.79,ABEV3,B
1748000938,939,79,25,83.89,BBDC4,B
1748000939,940,71,67,82.05,VALE3,A
1748000940,941,97,95,158.26,VALE3,A
1748000941,942,8,41,75.87,PETR4,B
1748000942,943,100,10,16.15,ITUB4,A
1748000943,944,18,57,173.27,ITUB4,B
1748000944,945,15,62,120.75,ITUB4,A
1748000945,946,9,86,134.26,ITUB4,B
1748000946,947,60,28,129.04,ITUB4,B
1748000947,948,23,83,65.3,ITUB4,B
1748000948,949,49,55,37.9,ABEV3,B
1748000949,950,58,57,91.32,ITUB4,A
1748000950,951,36,94,41.37,ITUB4,B
1748000951,952,64,56,147.95,VALE3,B
1748000952,953,5,10,76.41,VALE3,A
1748000953,954,17,59,137.69,BBDC4,A
1748000954,955,65,11,184.47,ITUB4,B
1748000955,956,9,58,18.8,VALE3,A
1748000956,957,55,66,49.6,ABEV3,B
1748000957,958,36,70,11.21,PETR4,B
1748000958,959,82,61,54.61,ITUB4,B
1748000959,960,52,2,64.68,VALE3,B
1748000960,961,14,80,12.02,VALE3,B
1748000961,962,49,36,50.06,VALE3,B
1748000962,963,89,70,33.7,BBDC4,B
1748000963,964,79,14,121.36,BBDC4,B
1748000964,965,54,60,179.76,VALE3,B
1748000965,966,37,2,85.58,PETR4,B
1748000966,967,23,17,12.28,VALE3,A
1748000967,968,86,53,71.69,PETR4,A
1748000968,969,77,29,38.85,BBDC4,A
1748000969,970,38,76,64.96,ITUB4,A
1748000970,971,67,58,175.03,BBDC4,A
1748000971,972,8,0,-1.0,VALE3,A
1748000972,973,71,73,119.51,ABEV3,A
1748000973,974,48,59,167.04,PETR4,B
1748000974,975,91,82,168.23,VALE3,A
1748000975,976,45,0,0.0,ABEV3,B
1748000976,977,18,30,48.33,BBDC4,A
1748000977,978,27,81,196.76,ABEV3,B
1748000978,979,100,30,90.0,VALE3,A
1748000979,980,91,37,129.8,BBDC4,B
1748000980,981,45,44,174.78,BBDC4,B
1748000981,982,41,35,111.91,ABEV3,A
1748000982,983,10,92,54.28,ITUB4,A
1748000983,984,57,18,154.94,VALE3,A
1748000984,985,42,2,156.65,BBDC4,A
1748000985,986,63,91,170.61,BBDC4,A
1748000986,987,56,96,97.84,VALE3,B
1748000987,988,93,31,76.13,BBDC4,A
1748000988,989,18,71,12.85,VALE3,A
1748000989,990,48,43,86.14,ABEV3,B
1748000990,991,81,90,59.13,VALE3,B
1748000991,992,34,79,110.56,ABEV3,A
1748000992,993,91,30,37.69,PETR4,B
1748000993,994,43,9,58.18,ABEV3,B
1748000994,995,23,84,61.33,ABEV3,B
1748000995,996,10,27,115.77,PETR4,A
1748000996,997,82,45,136.63,BBDC4,B
1748000997,998,64,54,171.79,ABEV3,A
1748000998,999,52,-5,0.0,PETR4,A
1748000999,1000,42,40,183.01,VALE3,A
